id,date,price,bedrooms,bathrooms,sqft_living,sqft_lot,floors,waterfront,view,condition,grade,sqft_above,sqft_basement,yr_built,yr_renovated,zipcode,lat,long,sqft_living15,sqft_lot15
9479490788,20150622,2470435.42,0,1.43,1046,1151287,3.0,1,2,4,1,3776,4401,2001,0,98133,47.3714,-121.5125,5336,548548
5804038132,20151203,1994330.62,3,3.57,887,1353772,1.2,0,4,4,9,6358,3704,2003,0,98169,47.299,-121.7514,1337,592596
9792812876,20140314,646861.53,0,7.32,905,1026247,2.7,0,4,2,2,2418,2908,1905,0,98195,47.502,-121.8801,1148,137395
5958424902,20150624,4748669.73,9,7.56,6204,1481492,2.7,0,2,3,10,3009,4336,1929,0,98020,47.2717,-121.6979,1791,292203
3617518640,20151022,4205345.14,8,7.58,13372,154083,1.1,1,2,5,10,2937,3501,1992,0,98145,47.2173,-121.5876,6044,42414
1051008201,20150404,3481181.13,9,5.69,3907,230401,2.0,0,4,4,1,3836,818,1933,1917,98057,47.5448,-122.0785,1719,654023
5868048333,20140624,3318932.71,5,3.3,2922,661291,1.5,0,0,2,12,838,4598,1941,1914,98177,47.6557,-122.2079,1062,205952
3372569415,20140912,5176193.35,0,6.61,5027,67863,1.8,0,2,5,13,9012,1828,1912,0,98156,47.3368,-121.7217,4773,629597
3024153574,20151126,2156359.65,9,0.83,6797,264112,2.4,0,0,4,10,706,1690,1904,0,98021,47.3266,-122.3312,1070,119615
4348764196,20140121,3817673.82,7,5.25,6973,591647,2.0,0,3,3,11,6215,177,1948,2011,98095,47.2414,-122.0339,1871,556341
7187382125,20151014,4374951.66,4,7.19,2338,1233412,1.4,0,3,1,1,7232,3561,2004,0,98123,47.7462,-121.8689,2203,466757
2054882164,20150510,1189496.55,8,6.06,11829,659549,2.6,1,3,1,9,4493,4095,1972,1932,98021,47.5857,-122.2234,3446,192609
2786683395,20140404,6529157.13,6,1.23,1692,699125,3.1,0,2,1,4,8002,687,1958,1993,98054,47.6862,-121.5654,785,833356
1546137561,20140802,1739633.43,1,3.92,12122,1053160,1.4,1,4,2,12,6417,3402,1989,0,98079,47.2777,-121.8911,2682,218686
7883196547,20140601,7542180.73,4,6.46,9388,97537,2.7,1,0,2,1,4318,616,1936,0,98124,47.2417,-121.9454,1133,801858
4654326214,20140105,1585916.62,3,7.21,5422,1292995,1.2,1,3,1,3,9247,3154,1961,0,98038,47.4101,-121.59,4602,95603
6619387319,20141128,267154.78,6,2.26,5795,582442,3.5,1,3,4,6,6234,1798,1907,1994,98076,47.6719,-121.5176,3241,275243
5208298565,20150228,331357.54,4,0.45,1137,1382691,2.9,1,4,3,9,3189,3014,1955,0,98084,47.533,-121.8983,4939,517999
9469300593,20151102,1405095.04,4,3.63,1208,812979,2.4,1,1,3,8,2860,3890,1939,0,98107,47.5059,-122.1733,3994,634268
9756416298,20150605,3343881.3,9,4.14,8891,1405043,1.1,0,3,2,3,4563,2301,1999,0,98063,47.6158,-121.9531,2180,35161
3730775279,20150205,3019183.71,9,7.07,5758,1412405,1.7,0,2,3,1,9070,607,1919,0,98055,47.6908,-121.475,3095,500458
7246928002,20140204,2818295.78,6,5.15,8390,1584444,1.4,0,0,4,4,1156,4646,1933,0,98042,47.2794,-121.3807,2380,270410
7566231359,20141017,3622604.02,3,3.8,2981,123830,2.9,1,2,3,7,3485,706,2000,0,98087,47.4144,-121.3798,919,429312
9664157179,20150410,1236655.81,8,0.96,1273,1273766,2.9,1,0,1,5,5708,4475,1923,0,98100,47.1923,-122.1067,3009,77762
8251805104,20150204,7638458.53,10,0.83,811,1353989,1.3,1,0,1,7,8123,2293,1941,0,98077,47.6277,-122.1382,3061,618343
5590753051,20140122,5574112.75,6,4.95,11341,784920,1.9,1,3,1,4,846,1759,1900,0,98071,47.2983,-121.8786,2544,20909
6734282849,20151026,4678971.42,1,2.98,1167,1303678,3.5,1,0,1,6,9077,741,1933,0,98198,47.678,-122.1786,4833,690475
9309062582,20150719,6039545.22,3,6.85,2498,565561,1.2,0,0,3,3,6466,773,1936,0,98087,47.4405,-121.8509,1932,663740
4071674928,20140106,749787.8,5,2.04,5243,1288807,2.4,0,4,3,11,6879,3841,1920,0,98099,47.2552,-121.8714,3229,62794
4589645557,20151114,6599000.9,6,0.45,12274,1616023,2.1,0,1,4,6,1444,416,1981,0,98075,47.2521,-121.9184,2193,212951
8721934092,20150530,879659.68,2,2.56,10154,377939,2.9,0,4,3,3,3667,255,1971,0,98162,47.5473,-122.4533,1380,763799
3501448672,20150328,5878445.56,3,2.43,4609,741897,1.9,1,4,3,12,6258,1953,1907,0,98013,47.4968,-121.4822,3435,825864
5505226762,20150416,6585734.27,3,2.66,12414,34191,1.7,0,1,4,11,6060,4038,1922,0,98028,47.199,-121.4075,667,802499
1911005341,20140614,5909475.04,7,0.03,3343,394611,3.0,0,1,2,1,4472,2118,1981,0,98103,47.1564,-122.3456,4434,280244
8305854312,20150721,435651.74,4,6.24,1611,954247,2.1,1,1,2,1,2369,2739,1958,0,98172,47.4348,-122.1528,2803,826515
3072480040,20150616,5807058.82,8,3.61,2683,951936,1.8,0,0,3,10,898,2810,1965,0,98027,47.206,-121.4409,4130,187513
8059400978,20150417,7200013.61,7,1.43,8425,1145461,2.7,1,1,1,10,8421,4331,1910,1923,98141,47.3484,-122.1853,1816,675156
8919336576,20150203,5498790.78,7,7.65,4135,1613711,2.4,1,1,1,3,1747,75,1912,0,98180,47.3132,-121.8709,1052,465068
9112115057,20151115,6723413.5,10,6.97,8935,1468380,2.0,0,0,3,11,6864,3423,1979,0,98137,47.6451,-121.5456,3304,349829
8927645082,20150313,4911935.89,7,5.12,9486,1322631,3.0,1,3,3,10,3184,3118,1912,0,98130,47.7664,-122.2115,4467,12378
3126654589,20150901,5781947.97,6,7.22,10203,1462505,1.8,1,4,1,1,2811,1648,1909,0,98158,47.4382,-121.7306,5700,839980
7776346816,20150206,4446346.67,6,6.2,7726,803731,1.6,1,1,4,4,8388,2288,1957,0,98158,47.6139,-122.175,1576,700905
4326962337,20150105,2928641.27,5,5.85,8559,969441,1.4,0,4,2,12,1447,3538,1975,0,98199,47.5843,-121.6681,2629,39291
4571119345,20150131,6988550.8,8,4.21,1010,780067,2.0,0,4,1,12,2958,232,1929,0,98142,47.3894,-122.4037,3554,172815
1620889341,20151030,3885502.55,6,2.54,8552,1541060,2.1,0,4,4,3,404,3027,2001,0,98008,47.5428,-122.4116,2405,807160
5294422804,20150908,2661788.13,8,1.08,11650,779703,1.2,0,1,5,13,3220,3257,1947,0,98106,47.225,-121.847,6041,400779
4190357117,20150728,3655802.41,7,3.0,4252,1569499,2.9,1,4,2,11,7550,3471,1914,0,98142,47.2356,-122.2865,437,52775
6844019528,20150625,2748280.98,3,6.64,10682,1511438,3.3,0,1,1,1,6516,4746,1928,0,98157,47.4707,-122.2554,6195,440260
2243216894,20140713,2187826.29,6,2.48,5320,669222,2.9,0,1,3,6,1914,2638,1909,2003,98068,47.4713,-122.4616,432,536725
1242143302,20150930,4991828.17,10,0.73,780,395376,3.5,1,4,5,10,1087,4115,1942,0,98078,47.2646,-121.549,2008,11782
8616837610,20141012,1457731.4,9,0.24,11439,579967,1.2,1,4,4,7,9063,2899,1911,0,98134,47.7756,-122.2299,3265,834763
1191674267,20150428,6560298.3,3,7.6,5396,1008524,3.3,1,3,3,13,8388,3820,1935,0,98115,47.691,-121.8106,440,318644
3949263991,20150509,3261257.65,2,4.67,3764,36049,3.1,1,0,2,3,658,4263,1974,0,98082,47.7181,-121.7433,4684,222536
5252480092,20140618,4756066.05,7,2.27,10965,458983,2.1,0,3,2,11,7088,3223,1903,0,98102,47.5285,-121.9315,655,401755
4683867244,20150218,5202602.35,8,1.78,5442,41219,2.1,1,0,5,5,2546,3645,1966,0,98076,47.6848,-122.069,3311,521415
1367660260,20150531,5153658.3,2,2.88,11360,1156884,2.2,0,3,3,5,1960,4175,1946,0,98169,47.7078,-121.3538,5694,337188
5201510960,20140909,7836184.05,0,3.54,2353,1129368,1.6,1,2,2,5,1340,2601,1911,0,98079,47.5037,-121.3262,5572,393274
9219909723,20150514,2503131.84,6,6.79,8574,965148,1.0,1,1,2,1,2392,1030,1921,0,98098,47.6718,-122.0267,2781,34945
4412818512,20150915,3412380.36,3,6.13,1559,1045265,2.9,0,3,5,4,4367,2090,2012,0,98147,47.6918,-122.3238,654,290620
2818807092,20140218,4931981.95,3,0.68,13116,1186052,1.6,1,1,5,8,5278,4262,1902,0,98190,47.228,-121.4074,2939,647586
6731017295,20150613,6650241.2,6,3.79,1141,999927,3.3,1,0,1,7,6562,278,1964,0,98086,47.5236,-121.6984,3117,420066
8751677905,20140126,2278960.52,4,1.03,9817,1339403,2.4,0,1,1,6,1614,327,1974,0,98061,47.4094,-122.2952,5742,545183
6596008363,20150218,646216.02,2,5.76,1113,866078,1.9,1,2,1,10,8769,1428,1913,0,98139,47.1601,-122.4795,3550,13613
9570821563,20140526,2347543.92,4,0.27,3024,128948,3.4,0,0,3,8,9243,4203,1929,2010,98119,47.2976,-122.465,1203,296457
4317094351,20140322,4176604.44,0,3.7,6535,1223219,2.8,1,2,4,11,666,994,2009,0,98195,47.1688,-121.3278,5154,585058
5828056271,20140119,7007125.3,8,0.93,6207,272219,2.1,1,0,5,10,8467,2977,1920,2000,98049,47.2663,-122.4091,4207,300732
5210514990,20151219,360761.44,6,4.29,436,873790,1.5,0,0,1,12,9349,1099,1981,0,98124,47.2073,-122.1381,986,37714
3710887540,20150108,3857998.2,0,6.42,7797,18121,1.9,0,0,5,9,5177,1456,1982,0,98014,47.379,-121.5785,3678,211555
8335386653,20151130,4977176.64,5,3.71,3392,915062,2.3,0,2,4,4,8997,1751,2013,0,98047,47.2344,-121.9808,1620,776581
5474796206,20140614,2396152.67,2,7.58,5251,594207,1.4,1,2,3,7,7632,3018,1944,0,98056,47.3876,-121.418,3237,15396
5801953494,20141122,3488310.15,6,0.43,2058,402961,2.0,1,3,1,13,1934,4774,1939,0,98176,47.4047,-121.4558,3149,498319
3736228533,20140802,498758.8,7,1.33,13111,360197,1.8,0,4,5,7,3349,3373,1900,1966,98152,47.5682,-121.5326,4254,631333
3262868518,20151008,3681992.41,9,6.33,5338,981594,3.2,0,4,2,8,9100,1116,1989,0,98188,47.211,-122.1442,3032,681892
2700493961,20140518,2201456.31,4,2.63,13069,1033633,3.1,1,1,2,9,1003,1094,1951,0,98055,47.664,-121.5999,4740,224666
9775190776,20150422,995334.76,5,4.0,1282,320338,1.8,0,1,2,12,1615,509,1912,0,98066,47.2536,-122.4823,5343,291913
7291138576,20140303,1559030.01,10,4.68,8559,817817,1.6,0,1,1,11,3200,3253,2009,0,98162,47.731,-122.5106,4714,90126
9191165062,20150508,1336398.44,4,0.82,1701,1431487,3.0,0,4,4,9,5457,4340,2009,0,98031,47.6388,-122.1129,1925,191981
3035260554,20150705,5610697.78,6,4.49,8535,1098822,2.9,0,3,2,3,2149,3448,2015,0,98009,47.7157,-121.5267,2452,628670
2891908447,20150204,5486559.89,5,5.87,649,333720,3.4,0,0,4,6,3297,4640,1921,0,98145,47.5263,-122.109,5110,4448
3109134455,20150313,3954383.92,1,5.1,6843,1046768,3.5,0,3,4,11,4529,4347,1972,0,98002,47.499,-121.9774,4738,545088
8260883873,20150727,1396515.88,6,0.6,10758,1147632,2.8,1,4,4,12,5397,3853,1922,0,98191,47.2283,-121.6679,4316,50705
4101795210,20140629,7994907.66,6,1.61,9640,1206611,1.3,1,1,4,12,4188,4389,1910,0,98155,47.4006,-122.3043,2583,484591
8792994746,20151016,7922599.34,7,1.27,9082,198616,2.5,1,1,3,4,5729,2264,2010,0,98105,47.3689,-121.6125,2956,596231
9582840142,20150801,1524323.72,3,6.71,11611,1162332,3.0,1,3,4,5,7249,4107,1979,0,98176,47.7623,-122.0244,719,598765
8257225509,20151219,2222007.38,2,2.69,560,967541,2.9,0,3,4,7,3472,572,1957,0,98073,47.6385,-122.1333,3569,20773
2362035070,20151211,2429960.85,9,0.69,5417,1641144,1.6,0,3,2,3,3340,1991,1928,0,98082,47.7366,-121.6643,642,583545
2532998872,20141207,3345974.93,1,3.83,6725,999629,2.3,1,2,3,7,8598,2732,2003,0,98003,47.7171,-122.2283,4465,416440
3396197434,20151211,6384545.0,6,4.86,7931,1113589,2.3,0,4,3,3,4645,2101,1969,0,98079,47.4126,-121.4252,4440,118496
3651690368,20151026,6521274.1,5,7.4,4014,1086455,3.3,0,4,3,7,8822,2366,2006,0,98062,47.248,-121.4709,2890,606312
4349515493,20141212,4566352.88,4,1.82,8345,306171,1.8,1,0,3,9,2644,231,1983,0,98030,47.6287,-121.3352,1064,29615
9517447358,20141226,5293903.25,0,3.88,5266,1308489,1.6,1,3,3,13,3224,3311,1932,0,98104,47.7564,-121.6848,890,23559
9506649815,20140221,2721135.27,6,4.7,12926,1203818,1.1,0,1,3,9,6016,2435,1922,0,98025,47.7506,-121.6798,1904,534987
3386457086,20140607,1042610.04,0,0.52,12346,592414,3.5,1,1,3,7,646,617,1940,0,98012,47.3843,-121.9995,3059,819693
8312053387,20151212,2532951.31,2,2.38,7932,348483,1.9,0,1,3,12,7948,458,1938,0,98018,47.7044,-122.3633,3671,461826
1524890728,20150414,3297914.74,1,2.72,13334,156850,2.1,1,1,3,11,5239,1920,1909,0,98105,47.3675,-122.1266,1119,493771
9724530169,20150925,1650243.76,4,5.53,7086,1613985,1.3,0,4,1,8,3545,474,1921,0,98099,47.2414,-122.0856,5319,101885
8884171339,20151228,711943.29,9,5.87,9629,1213609,2.6,1,2,1,5,9379,4617,1949,0,98131,47.7408,-122.5138,5172,840034
5865951981,20140209,2641398.72,9,7.71,2189,1624727,2.1,0,2,3,11,5526,767,1985,1941,98101,47.2754,-121.4192,2456,240565
5580628689,20140430,335305.08,5,6.3,10041,278311,2.2,1,3,3,11,6382,3373,1943,0,98002,47.7542,-122.1023,1612,350909
3544633096,20140723,4714511.94,5,0.73,3538,1280114,3.0,0,3,1,2,3460,359,1933,1994,98020,47.598,-121.8384,4805,802156
6333663903,20151216,4189480.91,9,1.21,7765,1222062,2.4,0,0,3,7,2795,4564,1936,0,98141,47.2199,-122.1867,497,600777
3591619179,20150503,3175951.01,2,6.19,12432,213399,3.5,0,1,3,1,1632,2662,1982,0,98049,47.4432,-121.5175,1833,122481
7474901876,20151010,1930153.43,8,2.01,11750,1385691,2.8,1,1,1,5,6121,3430,2004,0,98106,47.2621,-121.5207,2458,458644
4822803002,20140217,1121430.22,2,4.31,12180,1491762,3.0,1,2,4,6,4050,2039,1963,0,98140,47.72,-121.7719,5292,697396
1106877357,20140531,5387459.14,10,2.74,5458,56341,3.0,0,4,2,1,5245,850,1956,0,98161,47.3931,-121.3663,620,380247
9709574774,20150707,6912286.83,0,4.22,4859,1459243,3.0,0,1,2,6,3235,2849,1964,0,98123,47.761,-122.1865,4288,715110
8494469110,20150410,2850685.81,1,5.4,9130,1203170,3.4,1,2,4,2,1219,552,1934,0,98032,47.2609,-121.7524,3044,706888
4793477762,20151011,1564934.46,6,7.98,6549,627553,3.3,0,1,1,9,2352,1751,1992,0,98092,47.3058,-121.5049,1590,198082
4961594592,20151208,4284458.63,0,1.93,1583,168045,3.2,0,2,3,8,8790,1904,1933,0,98112,47.2889,-122.2028,3275,652050
2804937879,20140618,7124084.29,6,7.39,353,1024542,1.2,1,2,5,9,6083,2299,2014,0,98168,47.6155,-121.5859,3272,244432
8869730383,20151017,7755534.45,5,6.22,5208,596793,2.8,0,4,2,3,1882,1032,1962,0,98074,47.4795,-121.5553,1772,178620
3011047866,20150806,2538538.89,0,1.54,10519,1387598,2.2,1,2,3,13,397,953,1977,0,98039,47.2083,-122.3931,3514,201221
3809327257,20140311,5591523.44,0,5.72,12761,1146545,2.6,0,2,2,7,8672,1015,1988,0,98104,47.2485,-121.8874,4142,315295
2138877858,20140515,5787050.08,8,7.57,13183,186403,1.9,0,2,5,9,8773,4405,1920,0,98094,47.7214,-121.7721,4903,380405
2475820166,20140503,6211402.78,1,0.77,5662,864553,2.4,0,4,3,11,2458,4153,1904,0,98130,47.5119,-122.3582,843,288014
5222599660,20150221,4878509.95,6,6.31,2426,1262258,1.5,0,3,1,2,9114,4349,1985,0,98157,47.6167,-121.9346,4636,775162
6179372794,20151119,7081429.82,5,0.62,12921,1426944,2.4,0,3,1,3,7215,3756,1958,0,98031,47.753,-121.8853,1003,314051
9978517582,20140620,4047911.47,7,4.99,3305,711242,1.0,0,2,5,2,650,3285,1984,0,98100,47.7519,-121.4698,1444,768652
3372835247,20140613,4000758.58,8,5.33,11073,795408,3.2,0,2,1,1,1958,2519,1957,0,98080,47.4131,-121.4997,2030,767509
3036672937,20140908,3077220.1,1,3.43,5055,260215,3.1,0,1,4,9,8647,4342,1948,1930,98120,47.241,-122.2013,1449,869055
3997769539,20150111,4366987.92,0,6.35,7605,1008997,1.3,0,3,5,7,4613,2342,1925,0,98069,47.5006,-121.4914,430,284286
8426368972,20151214,4488368.06,3,2.74,2255,849407,1.4,0,0,1,8,2001,4297,1933,0,98067,47.598,-121.427,5039,407051
9320385509,20141130,1466122.06,1,7.45,10013,521061,2.4,0,2,1,1,2235,984,1966,0,98163,47.3377,-122.2062,2210,845846
9561689107,20140227,3305770.56,6,3.87,4657,1177299,2.1,1,2,1,5,4979,3243,1906,0,98031,47.7767,-122.3098,4106,255385
8793482036,20150913,6820827.99,8,0.15,9620,665405,1.5,0,0,5,9,618,3232,1956,0,98021,47.7464,-121.5413,1023,814139
3527839019,20150827,7127508.11,7,4.93,6558,1281878,2.5,0,0,1,9,553,3946,1954,0,98035,47.7049,-121.572,787,474474
4010556856,20141105,3836372.58,10,7.45,4374,410358,2.2,0,4,5,3,2825,1039,1971,0,98174,47.1875,-121.3894,1518,371287
3007777797,20140419,5600008.71,3,0.49,1209,733605,2.0,0,0,1,13,5227,1524,1938,2007,98108,47.5173,-121.7626,3257,95246
7213752868,20150506,5590666.48,8,7.55,1318,792497,2.5,1,2,5,13,3457,4753,2013,0,98183,47.2916,-121.6585,3374,829091
7114361708,20150225,1337465.45,4,7.23,12796,146751,2.4,1,0,5,7,5343,3635,1949,0,98081,47.6015,-121.4455,5815,332535
8617671163,20140730,6498033.53,1,3.89,7241,227868,3.1,1,2,1,12,4971,257,1908,0,98091,47.5282,-121.5963,5004,288130
2396818820,20140112,472925.65,1,5.16,8861,868809,2.2,1,0,3,8,575,2850,1957,2014,98101,47.5148,-122.2289,1669,454266
9069682802,20140804,365470.49,1,1.61,2714,678669,2.2,0,1,2,6,1232,184,1979,0,98114,47.6129,-121.6886,3207,743995
5759538476,20140306,5288454.77,6,7.27,7968,1209045,1.3,0,4,5,7,1163,3516,2000,0,98122,47.4605,-121.8902,5303,211030
2454413462,20150108,5986530.55,2,7.56,10711,370411,2.6,1,4,3,2,3430,2630,1963,0,98134,47.4715,-122.1936,408,323578
8463522923,20140915,2489382.37,4,0.6,1677,603578,1.5,0,3,1,3,4753,4200,1919,0,98022,47.6962,-121.6742,3712,767480
6446486363,20150204,3423971.31,2,5.19,12264,1330966,2.0,1,4,2,10,4237,2168,2014,0,98014,47.4886,-121.4529,3087,758555
5450067307,20140622,5628714.08,0,4.26,13335,1262262,3.4,0,3,2,3,834,4115,1920,0,98135,47.3223,-122.0841,5718,375732
2691586898,20141215,2230646.2,3,6.94,7536,1024021,3.3,1,1,5,10,1553,4410,1973,0,98190,47.3955,-122.0964,6177,412255
7012993864,20140502,2245744.42,5,7.97,7273,47147,2.3,1,2,3,3,6867,1119,1919,0,98035,47.4714,-121.4281,2956,685403
4543789470,20140910,7282783.78,4,0.15,12972,1273307,1.5,1,3,2,9,3860,3481,1993,0,98022,47.511,-121.7367,5309,158288
4567357726,20150507,4254311.44,10,6.81,10903,1496268,1.5,1,0,3,4,2611,1481,1908,0,98177,47.337,-121.4951,5915,179271
3175851259,20151121,3708877.89,3,6.73,5089,982742,3.5,1,1,4,4,5143,1788,1993,0,98053,47.4813,-121.3717,4030,256657
1464758674,20151227,3236215.54,7,2.26,8084,1639507,2.0,1,4,2,3,941,617,1964,0,98088,47.2829,-122.4807,1626,475263
5982111956,20150727,5745374.96,3,3.22,11241,843602,3.0,1,0,2,8,6534,1586,1955,0,98090,47.3846,-121.7408,5505,198409
7707580829,20140905,6488059.43,2,3.01,12178,983363,1.8,1,3,2,9,5787,725,1996,0,98089,47.322,-121.7588,1865,435012
8546439681,20150716,5124905.14,6,7.58,12864,1268558,3.2,0,0,2,9,4593,3279,1993,0,98177,47.6674,-121.7684,3534,454412
7253124346,20150407,6740974.37,3,1.43,1067,1444195,2.2,1,0,1,11,4425,1769,2001,1957,98173,47.5439,-122.2883,5178,374960
7995704935,20150616,587264.07,3,3.71,4516,280954,1.1,1,3,3,9,3076,527,1905,0,98097,47.5384,-121.6734,3836,871127
9746511736,20140118,4867100.44,6,1.83,1516,1543514,1.6,1,3,5,13,3341,3776,1994,1934,98003,47.3831,-122.0492,1935,728749
8671162218,20140816,4100118.0,8,2.4,6831,877861,1.5,1,2,4,5,2867,651,1935,0,98109,47.35,-122.4352,767,524449
6420921605,20150212,5873047.31,2,7.85,8342,86276,1.5,1,0,4,2,4222,1143,2011,0,98085,47.2206,-121.964,2962,3439
6899290975,20150514,1969038.39,2,6.91,12194,851803,2.2,1,1,4,6,8182,3027,1998,1942,98011,47.4181,-122.0593,3972,775625
3276418882,20150614,7675182.87,1,0.15,7931,311310,1.7,0,0,3,7,4242,3078,1939,1950,98186,47.3367,-121.8925,1627,634931
5463111099,20140107,4118291.22,1,0.22,8600,1387693,2.9,1,3,3,7,4157,4702,2000,0,98176,47.6943,-121.3953,5600,362579
3388521629,20140306,7382284.0,0,5.95,3137,110552,2.5,1,3,2,1,7608,558,1929,0,98172,47.5867,-121.6198,3428,259879
7728761523,20150605,5712670.19,2,3.82,1589,1547025,2.5,1,4,1,4,4731,4355,1979,0,98188,47.3224,-121.4065,2824,495123
7029360045,20150328,6925171.88,4,5.82,2120,737664,1.5,0,3,1,13,6536,4405,2012,0,98144,47.5421,-122.019,3772,169392
7368321558,20140212,4496189.08,1,1.82,7206,1166487,1.1,0,4,3,13,8655,3645,2001,0,98144,47.4169,-122.1783,2030,561085
2866619283,20141113,2967513.67,4,3.14,12024,624985,1.3,0,1,5,5,330,3310,1942,0,98195,47.5966,-122.3514,1053,778617
2271729501,20150225,5330963.16,3,2.28,7596,1033153,1.7,1,2,1,5,8204,2938,1989,0,98108,47.4631,-121.6843,4675,331635
2005140351,20150401,6816919.6,8,5.81,364,643462,2.2,0,3,2,2,6445,1307,1938,0,98185,47.1718,-121.3939,727,243937
5805485832,20150625,7828739.65,9,0.62,3467,402967,1.1,1,2,5,11,7246,148,1905,0,98134,47.512,-121.5768,4965,834482
9162444477,20150404,6602201.96,8,1.07,10177,269161,1.1,1,0,1,6,2977,2700,1984,0,98182,47.464,-121.3192,1248,99128
8875379248,20140910,4687669.09,6,0.59,7245,30665,1.6,0,2,4,1,6109,2795,1924,0,98038,47.769,-122.0113,4170,264743
8576471534,20151012,1205895.02,3,7.38,12674,1323789,2.7,1,2,4,10,3385,2200,2002,0,98027,47.5718,-122.0955,4922,706809
3887015846,20151227,2632392.74,4,5.42,11978,214317,3.2,1,3,2,13,2137,4789,1940,0,98037,47.4327,-121.9501,4663,281064
7614014788,20150817,1618877.57,7,6.94,9183,1547543,2.1,0,0,1,2,9399,1441,1977,0,98044,47.5641,-122.0963,5138,618984
9736713257,20151221,5252596.97,0,7.59,13143,891054,1.6,1,4,5,10,3785,3450,1968,0,98180,47.3093,-121.4659,1969,278155
7623248298,20150401,7267970.01,9,6.33,9480,1632312,1.5,1,1,2,2,2409,844,1954,0,98168,47.2044,-121.7906,3966,583448
5469099039,20141106,4153224.23,3,0.6,7877,718120,2.1,1,1,1,13,8455,896,1981,0,98005,47.3626,-121.7608,3169,798351
5698318943,20140424,2234270.58,5,6.48,712,563908,3.2,0,2,5,12,3583,345,1909,0,98035,47.729,-121.7872,5120,417076
7408351351,20150211,5301680.25,7,2.01,10046,1442914,3.1,0,2,5,2,4269,1700,1916,0,98096,47.3855,-121.9373,2910,645570
2918082488,20150411,4333053.52,10,2.53,12319,369382,1.1,0,3,5,4,4832,4519,1978,0,98189,47.1608,-122.3365,3179,240791
5216971390,20151105,3337768.57,1,3.5,11201,995668,1.3,1,4,1,8,1688,3938,1916,0,98157,47.5501,-121.6899,3165,249067
9676439544,20140203,4949137.84,5,4.06,5428,1383659,1.6,0,4,3,2,2037,1981,2009,0,98194,47.5808,-122.1231,5506,198372
3482267279,20151109,1990064.43,10,1.32,1085,1429276,2.5,1,4,5,6,2361,2343,1978,1916,98003,47.5084,-121.4408,3757,343962
8846686750,20151008,4399507.2,2,7.42,1618,277926,2.6,0,4,1,8,1267,3368,1946,0,98169,47.6124,-122.1621,3223,684512
8886168061,20141227,6512405.53,0,6.84,8695,1243470,2.5,0,2,5,2,8003,2463,1927,0,98054,47.3984,-122.358,2251,20875
2521052598,20150308,1821296.83,6,0.76,2329,354414,1.1,1,3,5,11,6099,2871,1905,0,98038,47.3496,-122.3165,4362,141289
1007169021,20140426,2050218.41,4,2.17,11768,631329,2.7,0,4,4,7,6109,2555,1998,0,98076,47.4134,-122.4722,1229,430224
5763106490,20140308,5893619.31,8,3.33,11568,1204364,3.1,1,1,1,8,4871,1832,2010,2002,98097,47.5292,-122.5015,1053,123188
3593991507,20150713,7297021.68,0,5.08,9736,1606494,2.4,1,2,3,11,357,2174,1930,0,98197,47.2147,-122.16,5983,753383
4247312034,20151018,6191478.06,5,6.93,861,1548128,2.6,1,3,1,13,7509,2653,1990,0,98052,47.2987,-121.3934,2488,417905
9014087577,20140126,5811668.67,6,0.71,8373,971821,1.9,0,0,2,7,5966,2418,2010,0,98184,47.3209,-121.6076,1255,845961
2687828702,20140223,7156830.1,9,5.26,9604,157886,3.3,1,1,2,12,5356,3148,1958,0,98199,47.375,-121.6722,498,196240
5821583016,20141016,4044448.5,10,3.38,9306,105254,2.1,0,1,5,12,6056,3724,1921,0,98051,47.5056,-122.2482,427,591057
9228653206,20150826,5856823.13,6,2.75,2623,1598072,2.6,0,0,3,6,4265,3099,1945,0,98036,47.2675,-121.4787,5850,469949
4035707565,20140402,7456863.9,8,2.27,12557,759438,2.4,1,1,4,3,2140,4113,1901,0,98004,47.6817,-121.9619,3203,693067
2493346523,20140808,2838339.87,9,6.89,8812,1490603,2.2,1,2,3,6,1520,39,1976,0,98041,47.5932,-121.59,4899,425408
1207611375,20150506,7222682.78,6,5.5,12836,1215015,2.0,0,0,3,10,4877,688,1966,0,98027,47.372,-121.5318,3777,472945
1739964507,20140929,5954821.93,2,5.71,12549,279423,3.5,1,2,3,1,994,98,1915,0,98094,47.7415,-121.4466,3201,706946
3286830116,20151004,3825463.98,0,4.32,11298,534922,1.7,1,1,5,3,3606,4533,1989,0,98139,47.6032,-121.84,2355,750196
1159906592,20150623,1256720.55,6,3.8,1491,1356474,3.3,0,4,4,1,384,2630,2011,0,98003,47.3815,-121.7321,2444,752401
3878133679,20141204,4598789.87,10,5.18,11729,923302,2.6,0,4,1,11,614,2344,1998,0,98015,47.3429,-121.3482,3562,372004
4883207154,20141208,2123589.66,8,7.23,8636,1130229,1.2,1,2,3,11,1138,3582,1914,0,98041,47.4707,-121.3778,5434,674606
9697116397,20150411,7570794.56,1,7.34,11896,1141981,2.8,0,1,4,5,3874,2935,1914,0,98006,47.2784,-121.8429,3729,814056
3265192304,20151006,3953607.78,4,3.22,13422,1067521,3.2,1,4,3,11,4380,1768,1931,2008,98040,47.3787,-121.5061,4320,782652
2175721210,20140220,2934253.03,2,6.12,4875,635160,2.4,1,0,3,13,4585,3734,1996,0,98033,47.6659,-121.6854,1642,294597
1691585179,20140405,7545706.99,4,1.27,6325,1634870,1.2,0,0,3,5,2882,2052,2000,0,98184,47.6929,-121.8515,1164,559579
7694253773,20141020,954270.55,3,1.16,11978,1484603,1.0,1,2,2,5,765,4075,1971,0,98099,47.3687,-122.484,3518,295794
4012110804,20150520,3605820.14,3,5.1,8326,1511891,2.5,1,1,5,3,6916,732,1940,0,98079,47.4396,-121.3543,5369,21529
1791830418,20150727,7572587.67,5,0.85,2042,1338576,1.8,0,2,4,10,8374,187,2007,1933,98039,47.6,-122.4651,6181,161377
8883597153,20151129,5927675.31,8,4.17,2237,1194627,1.8,0,0,4,4,2050,473,2003,0,98147,47.681,-121.6111,2372,274449
7861838618,20150527,2901302.61,10,1.32,6304,243500,3.0,1,4,5,6,8662,1456,1960,0,98181,47.3812,-122.1408,996,138502
8667880109,20150426,7873831.25,2,2.61,4251,1610885,1.4,1,4,1,13,3511,2962,1928,0,98185,47.5183,-122.2355,3661,174946
5793831431,20141203,6609458.06,1,1.63,641,1611646,2.2,1,3,4,11,1214,3548,1902,0,98168,47.7087,-122.2512,541,859247
6365199957,20150810,7925650.79,6,0.88,5685,1352147,1.3,1,1,5,2,2514,2345,1929,0,98038,47.7702,-121.6241,1213,261138
4752365774,20141208,3351740.54,2,6.43,7962,1258616,3.2,0,2,3,5,8961,1740,1910,0,98143,47.765,-121.3464,4937,597992
4853091018,20150112,3256558.87,4,0.76,13294,233351,2.2,0,1,3,8,9010,583,1953,0,98039,47.3676,-121.9488,5575,373282
2466745334,20140223,6511051.25,9,2.73,10166,1227762,1.7,1,0,1,7,6473,251,1975,0,98199,47.6371,-121.3474,3899,659664
8699782311,20151126,5402789.76,8,3.88,11703,1511130,3.3,1,1,5,3,8701,4289,1923,1929,98020,47.4504,-121.4378,2790,174359
1373921221,20151219,3465639.63,5,1.87,482,1122975,1.2,0,0,3,3,6653,1851,1992,0,98060,47.5775,-122.2618,1817,48077
1502510331,20140309,7473435.55,7,6.2,393,207563,3.1,1,1,2,10,7881,1837,1985,0,98137,47.319,-122.2037,3673,781823
7983180154,20140527,5767222.46,7,4.85,7734,1261297,1.5,1,2,2,4,1250,389,1952,1910,98056,47.557,-121.4151,3152,15304
9362897152,20141219,2021745.04,3,3.45,10767,489120,2.0,0,3,1,3,632,1887,2014,0,98104,47.3468,-121.8498,4123,447927
3095511770,20151007,3639382.34,3,2.46,456,1294606,2.4,1,0,2,9,2916,2415,2000,0,98051,47.5616,-121.4617,613,323634
5124097745,20151222,7290603.97,6,3.06,4348,890868,1.6,0,2,5,6,5337,2397,1907,0,98190,47.4365,-122.2409,1170,759975
9333414935,20151014,6457294.8,1,2.19,929,1316704,3.0,0,2,2,12,3879,1597,1903,0,98150,47.4147,-122.2971,1377,116298
9254955047,20150225,5638504.3,8,0.02,2698,243093,1.5,0,3,1,9,4689,1692,1906,0,98086,47.4834,-122.0192,2973,864964
8933134933,20141012,243593.7,0,7.7,13465,40825,3.0,1,1,1,6,8315,4278,1969,0,98153,47.3135,-122.4489,5397,89679
3921762285,20141106,1878609.68,0,4.98,5511,254410,2.3,0,2,1,4,3210,812,1915,0,98031,47.1614,-122.1729,3925,863937
8005721807,20151128,3653676.66,6,5.38,11178,1146328,2.0,0,0,2,10,5243,443,1978,0,98089,47.5872,-122.3388,1606,60601
6896703856,20140812,1363678.43,1,1.5,579,1552935,3.2,1,4,2,13,4074,1116,1912,0,98128,47.5151,-122.3806,1567,539517
5348723524,20150521,1436522.78,3,6.56,4371,528555,2.0,1,4,4,8,7154,1773,1989,0,98158,47.2211,-121.4536,3179,234320
6638334698,20141224,1194286.45,0,5.19,9942,902133,2.2,0,4,4,5,2329,1806,1963,0,98028,47.1737,-122.5097,520,645234
9026947991,20140907,6784251.94,3,2.8,2371,1386459,2.0,0,2,2,10,4652,2299,1986,0,98116,47.6907,-122.3349,894,387585
7877658551,20150215,233606.9,0,6.71,2032,329116,1.8,1,2,2,10,1152,922,1986,0,98059,47.4228,-121.7694,6050,831222
6222086754,20140715,5684692.46,4,1.51,2930,311606,1.7,1,2,3,12,8141,3932,1934,0,98194,47.6871,-121.9976,3362,694710
9670373291,20141229,4255251.08,0,6.82,9885,360655,3.4,1,0,5,10,6165,445,1973,0,98091,47.7738,-122.4812,4410,153018
4040338741,20141002,6300747.23,6,3.87,11973,887516,1.1,1,4,2,4,9001,878,1924,0,98182,47.3348,-121.4852,2963,763773
4295856583,20150723,394391.0,7,0.39,3247,11069,1.1,1,3,4,2,7278,2662,1963,0,98042,47.4694,-122.1477,4075,741233
8789285693,20151223,7089692.01,9,2.3,10058,1639353,1.2,1,2,1,3,431,4665,1932,0,98049,47.6045,-121.5542,6103,121166
2599537312,20150702,1134982.0,1,1.89,10968,295497,3.0,1,2,3,7,5675,97,2010,0,98049,47.7423,-121.5612,4348,389862
7340705160,20140227,2967634.33,2,3.4,8898,832184,1.5,0,1,1,12,7825,4426,2011,0,98016,47.3645,-121.371,480,657127
4774194632,20141125,2832280.69,8,6.73,12813,1610748,2.1,0,0,1,9,2107,1794,1951,0,98140,47.4029,-121.9162,5285,219953
9963374429,20150922,5669714.64,0,4.11,5305,1411356,1.6,1,3,1,1,1745,3807,1900,0,98154,47.4733,-122.0268,2493,341632
6690176511,20140609,1519967.33,3,0.53,2304,702881,1.9,1,2,5,8,7214,78,1981,0,98062,47.6512,-122.2591,1081,254048
9628690962,20140903,2160079.68,7,7.65,6617,1142896,1.5,1,2,1,13,5687,1076,1939,0,98054,47.55,-121.6555,424,555582
9538866146,20150409,6527886.94,4,7.91,3592,1248709,1.8,0,1,2,7,4167,430,1908,0,98120,47.5002,-121.319,1355,620332
7291346341,20141125,1697599.04,6,4.87,3134,1386736,1.3,1,1,2,5,8976,3711,1997,1997,98033,47.3124,-121.4482,5516,125579
9249364440,20150119,1524226.42,4,0.95,3923,1574876,1.2,0,1,3,5,4708,838,1914,0,98101,47.5812,-121.4004,4732,383077
6429861724,20141114,6400219.2,8,4.34,3402,582292,2.7,1,4,4,8,645,1865,1967,1982,98012,47.5634,-121.3419,1722,415829
6788822967,20141216,3341296.57,1,0.24,13325,235433,1.2,0,0,4,1,5568,472,2000,1964,98061,47.4175,-121.8331,1019,821487
4392877344,20150130,7890353.64,9,1.47,11449,59622,3.0,0,3,1,13,8561,3974,2000,0,98010,47.6293,-121.3953,4993,72033
7972578962,20141125,6657999.95,6,6.06,12245,1444689,2.7,0,0,5,10,6208,34,2012,0,98032,47.7133,-122.0788,985,817130
4379846694,20140614,2271814.47,0,5.89,7022,1432800,1.8,0,3,5,4,1531,493,1955,0,98126,47.2835,-121.4011,3344,95726
2534276258,20150502,4100777.84,8,5.84,6041,1037334,3.4,1,2,4,8,9180,3715,1981,0,98166,47.4555,-121.4052,2228,402328
7389794530,20141009,1398024.3,8,5.65,5319,1504255,2.4,1,4,1,7,1779,4724,1936,0,98180,47.6602,-121.4019,3727,642520
5071528523,20150405,7393575.87,9,3.72,3549,1314585,2.2,1,1,2,6,6548,3395,1942,0,98036,47.3183,-121.4073,1187,416522
6876713816,20150302,4119768.07,2,1.46,4513,543501,3.2,1,2,5,8,7087,3184,1957,0,98042,47.2062,-122.4588,4054,485719
8300675465,20151004,7713896.89,6,0.75,10039,826594,2.6,1,3,1,6,2717,813,1921,0,98130,47.5531,-122.3504,1310,665189
1970677863,20140620,3074207.85,5,3.21,2954,751219,3.1,0,0,4,3,314,778,2009,1992,98113,47.2688,-121.4751,490,834505
8507718736,20150831,7214744.61,1,6.33,10079,493765,3.1,0,0,4,13,3763,4635,1982,0,98147,47.4513,-121.8424,3729,139540
7690617172,20140916,7408317.45,0,7.1,11670,1308671,2.1,0,3,2,2,7758,2919,1977,0,98159,47.233,-121.4577,6197,561453
4452623609,20150603,7967009.19,0,6.1,7135,718733,2.8,1,4,2,6,4538,3686,1929,0,98080,47.5011,-121.4517,5961,754772
3495281068,20141127,7172467.44,4,2.23,1662,675180,2.5,1,2,4,10,4373,2024,1980,0,98038,47.1786,-122.2496,2025,117129
9039395718,20151009,4954733.77,5,2.19,749,1610097,3.1,1,4,5,12,6981,4481,2010,0,98053,47.6452,-122.1251,1829,422865
9702300873,20140813,7101169.41,3,5.58,2865,1365080,1.3,0,0,2,11,4047,2031,1939,1927,98100,47.5053,-121.606,5054,205948
3782385881,20140214,2860430.96,6,3.05,10950,247151,1.6,0,3,1,2,1202,38,1948,0,98150,47.7714,-122.1729,4600,828353
8482869170,20150423,1485531.96,3,5.01,2299,919264,3.4,0,3,5,7,5539,1580,1975,0,98165,47.3449,-122.4881,3114,829606
1427979315,20150225,7148062.4,7,2.86,299,1581540,1.7,0,0,2,8,5576,1015,1998,0,98058,47.6484,-121.9121,3523,417739
1776323851,20141224,758650.07,8,3.81,4347,1524777,2.2,0,4,2,1,7067,4605,1992,0,98184,47.5521,-121.4114,1091,684550
2401083430,20150724,1919485.39,10,5.02,7307,560334,3.0,0,0,3,11,6541,1330,1969,1981,98053,47.28,-122.4128,3645,834448
2951001036,20150905,6354626.18,10,5.57,591,601224,2.9,1,3,4,9,4184,1160,2002,0,98091,47.7249,-121.6063,6073,818808
4489890751,20151029,1816212.7,8,6.81,10185,441495,3.1,0,2,1,3,448,3874,1940,0,98061,47.4614,-121.494,3038,476606
4228338277,20140314,5688235.49,1,4.28,12603,177936,2.0,1,0,1,3,2881,1916,1996,0,98087,47.2194,-122.1433,3530,420446
1215787740,20150424,7889128.87,1,1.42,8265,1122183,3.3,1,0,1,7,3351,1954,1953,0,98065,47.4457,-121.8229,4879,697630
4753492313,20150410,6825695.41,2,1.81,5425,870354,2.9,1,4,2,12,407,1058,1931,0,98141,47.3778,-122.4614,4871,127763
4933952713,20151014,5487336.9,1,6.9,11293,175688,1.1,0,3,1,6,9235,1744,1997,0,98093,47.4816,-121.7403,731,222056
8629092301,20141029,6723436.49,5,0.56,8992,36956,1.3,1,0,2,6,5576,1677,1908,0,98112,47.2352,-121.3201,3976,284074
4748135836,20141030,2585599.48,7,2.1,5488,651049,2.4,1,4,1,7,8086,1568,1911,0,98055,47.655,-122.1608,4088,824416
1098450159,20140218,7936075.14,4,5.93,8109,835962,1.8,1,3,3,13,5762,4532,1910,0,98003,47.339,-121.9871,2079,236147
4481596067,20140819,5801142.57,10,6.04,5921,1127024,3.1,1,3,4,1,4827,3256,1927,0,98040,47.1861,-121.3636,3462,652148
6299317103,20140319,6664212.1,9,4.19,2690,777752,2.6,1,4,3,4,5939,1907,1988,0,98178,47.4775,-122.3234,3613,551326
2599343789,20150920,5112261.61,3,3.34,2838,728375,1.5,1,2,1,9,1162,3028,1942,0,98004,47.5315,-122.0272,5697,647048
3924594493,20150122,303106.84,5,2.08,3484,1104769,3.3,1,3,3,8,4499,238,1990,1938,98025,47.5188,-122.0394,5468,37870
4044432463,20141216,5612760.52,8,7.37,4307,269216,1.4,1,1,3,2,5918,55,1921,0,98164,47.5016,-121.958,3687,771726
9937858401,20150212,3058568.16,3,4.12,1117,91118,3.5,1,4,5,9,5217,849,2005,0,98177,47.5102,-122.0642,528,839261
1843303223,20150516,5487758.69,0,1.61,673,734237,2.2,0,1,5,13,1585,3258,1965,0,98176,47.3223,-121.5806,3248,545996
6335925607,20140217,7900727.38,6,7.69,4671,337335,3.0,1,1,3,7,5927,2983,1992,0,98039,47.5197,-122.2779,2713,378743
9235078812,20151007,5250638.25,6,7.5,10880,499074,1.5,1,4,5,9,8728,639,1995,0,98181,47.524,-121.7297,4564,189005
7525847085,20140304,1161125.18,10,3.3,11237,314569,1.7,0,2,1,5,1385,1935,1954,0,98100,47.4682,-121.998,3935,463140
6913889264,20140619,6000031.41,5,4.38,13274,253922,1.6,0,4,4,11,4070,1295,1992,1986,98081,47.6672,-121.3171,3370,155893
7428972499,20150617,7923799.07,4,5.27,13265,414648,2.0,1,4,5,4,4923,3414,1900,0,98168,47.6465,-121.9286,5183,831355
5888678010,20150131,1895007.09,5,2.86,8562,23794,2.8,1,2,4,10,2661,1943,1993,0,98048,47.4876,-122.3814,4212,210064
1032644729,20151219,1539017.32,9,1.08,9114,269217,3.5,1,4,3,13,7908,624,1917,0,98020,47.4006,-121.575,5555,21297
6146068799,20141031,2399051.34,0,2.56,13104,1192047,2.2,0,0,1,1,8058,3344,2007,0,98034,47.5122,-122.3222,4498,254300
1768961161,20151016,6097237.12,9,1.96,10007,187778,2.3,1,2,4,7,3246,692,1909,0,98088,47.2072,-122.3647,5453,23539
2122209730,20150926,2485311.08,6,3.41,12529,111816,2.8,1,1,2,4,7698,2397,1905,0,98195,47.2493,-122.2962,2390,809207
4533127193,20141028,5162073.41,6,1.8,10529,1402988,2.0,1,3,2,9,413,155,1919,0,98188,47.6908,-122.1871,6202,772120
9733868249,20150120,4959139.7,5,2.82,3418,937579,2.2,1,4,3,4,5665,3999,1977,0,98086,47.7724,-122.3072,5872,256427
5339405348,20151002,7551615.0,7,7.55,1092,940840,2.2,1,3,3,9,6046,2455,1942,0,98189,47.6088,-121.7357,2103,354981
9784665920,20150719,6082388.85,2,4.07,8370,123539,1.3,1,2,3,1,816,2987,1908,0,98100,47.7231,-121.8928,912,58938
8703054587,20150124,1900548.53,0,3.15,3245,545768,2.8,1,2,5,3,1464,4500,1928,1946,98046,47.1633,-121.7095,5682,165230
8157182487,20140927,7493167.16,3,2.39,9399,203449,2.4,1,1,4,11,7760,1069,2009,0,98111,47.3259,-121.8925,5676,450817
7098141982,20140718,4414075.74,2,5.81,2060,249204,2.1,0,4,4,3,569,4655,1902,0,98123,47.2485,-121.8739,1282,444711
1924062916,20150401,3908650.13,8,3.67,11044,1569604,2.8,0,1,5,8,4416,1350,1967,0,98120,47.2867,-122.4807,3544,752975
7933702575,20150913,5736924.47,4,4.07,10221,1443536,2.8,1,3,1,3,8561,929,1921,0,98040,47.3963,-121.524,6080,12186
9050065415,20140321,724739.88,4,3.87,8954,1251850,1.6,0,4,1,1,5015,1564,1952,0,98158,47.4361,-121.6323,3028,183545
2700751451,20150506,7486174.27,3,2.73,9500,1092922,1.6,0,1,3,8,1174,2927,1959,1963,98053,47.5802,-121.8229,2189,815380
9729213438,20141029,7312559.54,9,1.58,8522,861016,1.4,1,0,1,1,6560,311,1966,0,98036,47.6621,-121.7795,5786,9077
2518883769,20150701,5085449.13,2,3.85,3628,1383171,1.7,0,4,1,9,1521,2576,1942,0,98005,47.3505,-121.3491,5218,750760
7323849592,20151118,2023343.98,0,6.42,4421,214224,1.4,0,0,1,5,1463,2566,1922,1989,98143,47.2617,-122.3122,860,309208
5347076181,20150802,3246893.89,5,2.74,1222,1244246,1.4,0,1,3,10,2015,2969,2009,0,98057,47.1838,-121.8831,4097,516637
4399316892,20140503,1853717.3,1,2.01,1134,812176,2.7,0,4,1,9,8868,3716,1973,0,98149,47.1717,-121.6595,5412,196895
5275506132,20140629,6728787.07,9,3.86,9665,1098604,3.3,1,0,1,3,8154,274,1917,0,98031,47.7357,-121.9517,5978,429342
2501518762,20150802,5902234.94,10,7.74,12040,1192485,3.2,0,4,5,8,5829,2742,1910,1960,98101,47.3556,-121.6592,2004,303850
9790488393,20140708,2851086.76,3,2.48,12018,1603385,2.0,1,4,4,11,4069,687,1992,0,98143,47.6897,-121.3747,850,844652
4201335455,20140731,1407071.2,0,6.83,11713,603017,1.6,1,1,2,8,2530,194,1930,0,98061,47.7245,-121.9875,5690,398626
6741005467,20150317,1185633.1,9,7.95,9421,982459,2.6,1,2,2,5,4969,3606,1979,0,98187,47.2582,-121.426,6014,561964
5321823048,20150208,6255141.75,5,4.35,4855,167058,1.7,1,4,2,10,6934,4152,2005,0,98129,47.3672,-121.3348,2239,662863
5605618481,20140910,547895.81,9,7.95,7093,1449601,2.1,1,4,2,7,5425,1777,2013,0,98004,47.3637,-122.3885,3965,407075
4078005135,20151207,3445111.26,9,6.52,2695,1446912,3.1,1,3,5,3,1450,2741,1923,0,98025,47.4936,-121.4855,1495,554479
6276283227,20151216,7020386.16,10,0.93,1084,823717,2.6,1,3,1,13,1331,1278,1915,0,98150,47.1973,-121.741,1963,692353
2123344568,20150403,5325683.13,3,1.74,9346,1558608,3.1,0,2,3,9,7520,237,1912,0,98115,47.3008,-122.1234,1834,302330
3968780599,20140420,6074627.87,8,3.73,8132,1223485,2.6,1,2,1,6,619,2673,1932,1925,98124,47.7724,-122.3416,4225,411450
9921100931,20150421,5390119.38,3,7.63,6354,1208784,2.3,1,4,3,7,8760,1145,1972,2008,98195,47.4714,-121.4834,2308,447998
1819074695,20150906,5637162.57,0,3.46,7152,1124254,2.4,0,0,2,1,2924,3886,1953,0,98142,47.6474,-122.0177,2623,502859
2471598476,20151203,5654060.51,5,6.42,8304,1056033,2.5,0,3,5,11,6343,294,2013,0,98100,47.7603,-121.7081,5093,223285
2911065707,20140923,5705091.06,10,5.53,4314,500648,1.4,0,4,5,11,1570,2727,1907,1901,98013,47.3527,-121.8942,4460,637424
9787984087,20140604,7755604.66,8,2.28,11301,1445542,1.9,1,2,2,4,2447,2634,1909,0,98113,47.1867,-122.4951,3660,21888
4236863651,20150629,6379146.4,8,3.23,13192,1499321,1.7,1,2,1,5,1773,2638,1944,0,98083,47.3774,-121.4249,6145,42455
4636418069,20140723,7468837.43,2,5.53,7300,1263146,3.5,0,4,3,13,335,3147,1995,0,98115,47.6055,-122.3166,1200,186015
6281002785,20150426,6545540.4,10,6.88,7582,1581055,1.0,0,4,2,1,3210,1625,2005,0,98047,47.2233,-122.0593,4355,651217
8584904927,20141224,4489696.24,2,3.98,2636,589028,3.3,0,0,3,7,573,2052,2007,0,98161,47.1611,-121.7661,5682,647872
4738618660,20150403,912126.31,10,4.0,7581,120877,1.8,1,4,2,5,9015,4335,1934,0,98072,47.4869,-122.4603,3809,265301
1041908381,20140930,1987738.83,0,7.78,1611,1268203,1.7,1,2,5,13,2911,2715,2012,0,98093,47.5943,-121.5356,5936,181438
8801210096,20140407,4375075.25,7,0.25,12161,992128,1.7,1,0,5,9,6703,2110,1904,0,98041,47.5854,-122.424,3138,301296
1554866205,20150926,6100056.62,2,3.23,6691,1023470,3.2,1,4,5,7,8359,3808,1954,0,98156,47.287,-121.6109,4471,416697
2933652753,20150630,3950162.86,8,4.13,923,1627648,2.2,0,3,4,9,5619,2642,1926,0,98112,47.4343,-121.7861,5083,808932
8620126612,20140516,7696017.88,6,0.77,6831,97482,1.9,0,4,2,3,2943,689,1970,0,98070,47.4998,-121.9571,1072,695670
5819793257,20150106,6086726.63,0,3.67,1469,679279,2.7,0,4,1,2,2547,2795,2003,0,98172,47.1748,-121.8713,4187,700909
6946209542,20140102,7445705.0,9,4.15,13369,1517059,1.5,1,0,3,7,7958,2236,1918,0,98163,47.5381,-121.9451,759,321457
5267510180,20150417,4233923.1,2,2.96,1387,1566294,2.1,0,2,5,5,5748,4340,1980,0,98077,47.6027,-121.5446,1421,812329
6077727586,20150727,6292266.37,4,5.55,4008,966368,3.4,0,3,1,1,5697,865,1937,1903,98142,47.6542,-122.1533,3161,244030
3959003439,20150707,965423.14,9,1.18,11633,179409,1.8,0,4,3,6,647,1901,1903,0,98098,47.5466,-121.5182,2590,774569
4852020094,20140802,5637910.07,1,5.0,8367,701780,2.3,0,2,1,4,5308,3921,2007,0,98023,47.5435,-122.4942,2493,642622
9684531177,20151209,5614288.25,0,7.38,10458,48071,2.2,1,3,4,13,4750,1463,1929,0,98179,47.4953,-121.7232,4053,817911
4752607748,20140516,5409042.42,4,5.34,5377,462126,1.1,0,4,5,6,7007,4474,1924,0,98068,47.5844,-121.9716,1568,445149
3721745594,20151013,1924237.6,0,3.99,10096,1076218,2.8,1,2,5,12,2215,2394,1956,0,98198,47.7399,-122.049,2369,532560
1877331576,20151126,2040781.1,1,2.46,10575,101753,1.3,1,0,1,7,6448,4018,1935,0,98104,47.3888,-121.4122,4445,22074
4134427472,20150928,1226929.32,4,6.95,10088,1100839,1.7,0,3,5,4,5957,4002,1975,0,98058,47.5561,-122.4808,1823,560437
2207792859,20150424,1178849.18,8,6.61,945,396974,2.3,1,0,3,11,5874,1880,1980,0,98183,47.3006,-121.5547,4389,271439
3206911577,20140215,903920.41,5,4.14,7944,1162481,2.5,0,1,4,13,5762,1023,1911,0,98035,47.2268,-121.4728,2391,181116
1835630963,20140606,5087922.17,7,2.54,11056,517397,2.5,0,3,3,1,9350,1289,1973,0,98187,47.3494,-121.3574,2119,614875
2245621295,20140225,966945.63,3,3.89,7230,1241431,2.2,1,3,2,13,3529,1623,1958,1901,98014,47.6195,-121.6682,1961,13632
9543781803,20151222,5447200.02,0,2.78,9366,558260,3.5,1,4,3,4,2918,2851,1915,0,98071,47.4992,-122.2679,5435,564599
8669491688,20140929,4530120.13,8,7.56,2613,1098816,2.9,1,1,5,2,8655,2957,1997,0,98048,47.6144,-122.1677,3466,638770
6941131853,20140101,7229116.63,6,2.36,7663,438777,2.5,1,1,2,4,7570,59,1980,0,98006,47.4481,-121.3728,2206,605401
8476384732,20141127,3800693.22,2,2.96,6190,555927,1.5,1,0,3,10,4143,820,1942,0,98090,47.5363,-122.3449,3716,787667
9610709368,20140603,1155984.34,3,7.54,12451,1383246,1.7,1,0,2,9,1699,2306,1948,0,98197,47.7485,-121.6368,2138,612151
5915659945,20140318,7697631.32,9,1.31,7385,159060,3.1,0,2,1,9,3902,3289,1961,0,98191,47.5374,-122.2052,5913,611052
3107058446,20140220,7430000.13,2,5.1,375,56545,2.2,1,2,4,8,1877,1344,1988,0,98155,47.413,-121.7774,3863,387630
3099096319,20140212,223718.18,10,0.69,6809,483596,2.2,0,2,1,1,8280,1114,1942,0,98047,47.718,-122.3686,1018,248115
4925698641,20140128,6579196.26,1,0.16,13164,1599422,1.2,1,2,5,1,2474,579,1922,0,98119,47.2329,-122.1343,1178,287770
4452975427,20150525,7389313.33,6,5.79,6496,1179772,1.3,0,0,5,6,5299,3257,1926,0,98061,47.6036,-122.0316,4042,565793
1039061065,20140320,7147912.54,7,4.98,3451,1490522,2.5,0,3,4,9,4679,4686,1981,0,98042,47.266,-121.5531,4190,109078
6043156394,20140210,7255185.08,4,6.52,5511,592268,1.6,1,0,3,8,3139,3249,1922,0,98016,47.6105,-121.764,2952,773480
6113195586,20150727,3601075.68,2,7.9,12600,1078501,1.8,1,0,4,9,2956,1405,1946,0,98151,47.7112,-122.0246,1702,285407
2133184530,20150303,6573142.16,4,2.74,5677,211180,1.6,0,3,5,5,3924,3679,1969,0,98197,47.4354,-122.1145,2059,269510
2272342226,20140914,3667923.91,7,7.02,11021,1275310,3.4,0,2,4,11,446,897,1944,2002,98160,47.2024,-121.8279,3722,615258
1185765736,20140930,5691553.35,6,4.67,2463,624567,3.4,1,1,3,9,6782,420,1900,2014,98008,47.2436,-121.3353,3607,761751
1363548462,20151030,3101930.56,5,5.48,2892,173725,2.7,1,0,3,2,5928,1811,2008,0,98132,47.3259,-122.4215,4188,645278
8126645038,20140615,4906748.62,8,7.31,3614,337634,2.8,1,2,1,13,3601,1433,1972,1905,98072,47.5906,-121.9203,2760,712912
4449580650,20140414,2667520.52,7,1.6,12957,214149,1.5,1,2,2,5,6922,2248,1915,0,98056,47.5869,-121.6582,3591,57073
2484611805,20150909,369104.3,9,2.48,1502,775737,2.1,0,3,1,9,6002,1318,1905,1953,98008,47.6446,-122.4381,1985,283935
7506530414,20140712,7564346.4,8,7.51,11438,274735,1.1,0,3,5,7,1635,1829,1981,0,98154,47.435,-122.1591,1435,120346
8993001629,20140331,648385.85,5,1.41,6422,510269,3.1,1,0,4,6,8187,1249,1958,0,98134,47.2988,-122.1625,4944,163507
2885535485,20141007,5923763.62,0,2.1,13145,254133,3.4,1,0,3,8,4589,394,1943,0,98114,47.5262,-122.418,3959,140972
3060213990,20151213,6601963.72,3,1.3,13300,1109131,3.0,0,2,3,1,1318,3287,1960,0,98189,47.5873,-122.4147,3498,269474
2632943120,20140726,5268634.12,5,2.93,8025,35218,3.5,1,3,3,9,4457,1484,1972,1913,98012,47.3726,-122.1799,3702,472265
9043625638,20151017,7563099.78,4,0.05,1563,839025,1.5,1,2,2,9,341,4230,1921,0,98173,47.4338,-122.2633,6026,542755
6921362941,20151123,1236657.59,6,3.92,3147,985803,3.2,1,0,5,4,2242,1693,1966,0,98178,47.7732,-121.3429,1062,401305
8451795216,20151109,3320887.5,9,7.39,10086,950975,1.9,0,3,5,12,9369,580,1909,0,98194,47.555,-121.457,3745,152530
9622509118,20140918,1566244.12,3,7.9,10331,1414473,3.2,0,2,2,13,4475,280,1986,0,98172,47.7111,-122.2881,1989,368556
6717317552,20141219,4869633.54,6,1.1,9828,1484615,1.8,0,4,1,5,6547,3095,2010,0,98189,47.3193,-122.1646,4357,842784
3631275610,20140727,4396093.27,3,7.2,12104,654479,1.5,1,3,4,10,6923,346,1949,0,98160,47.2181,-121.5748,2416,585130
2126787177,20150529,7523001.57,7,1.53,1211,1429830,2.7,1,2,1,8,5889,1022,2013,0,98021,47.2266,-121.6676,1003,222279
9379252378,20141006,1427588.91,0,1.72,12307,145243,1.6,1,0,2,9,2046,3228,1991,0,98086,47.6803,-121.6868,4727,794307
1923886282,20140515,7984546.07,5,0.66,5351,543319,2.0,1,3,4,3,2675,152,2001,0,98084,47.6987,-121.6231,3723,417090
3395583415,20150621,5377043.11,7,0.93,3984,928165,3.0,1,1,2,3,5990,2145,1980,0,98112,47.6802,-122.4994,4793,19626
8780546193,20150319,867862.26,10,5.58,11552,958928,3.1,0,0,5,11,6341,4281,1962,0,98080,47.5793,-121.6248,2740,581455
1331398956,20150415,3786033.18,5,7.1,2185,339785,2.0,1,0,2,7,5808,2573,1975,0,98199,47.3219,-122.1252,1119,389160
7436015517,20151203,3705740.4,8,5.93,5807,766181,1.5,0,3,1,7,5203,72,1993,0,98083,47.5451,-121.9662,6157,151216
5351917985,20150926,6436212.02,10,4.85,10430,382998,2.7,0,4,4,8,4404,165,1971,0,98070,47.5117,-122.5132,4648,783097
4005632389,20150924,4744374.95,3,4.94,6358,1549235,3.4,0,4,1,2,1583,1119,1946,0,98168,47.36,-121.4566,2650,476230
2889513718,20150224,1194411.25,4,5.81,9841,718886,2.4,0,2,5,11,7267,2541,1927,0,98036,47.4696,-122.5133,5607,176322
6845451660,20140306,2219888.07,9,0.82,11969,734755,3.1,1,1,4,5,6356,4433,1941,1983,98037,47.2224,-121.7039,1422,144860
3610179320,20150611,7793972.63,10,2.09,5489,1495961,1.1,0,1,5,3,8201,4445,1913,0,98030,47.5718,-121.8847,2076,101229
7380509567,20140929,2823222.84,7,4.73,12244,1260501,3.4,0,0,1,8,752,36,1911,0,98006,47.4675,-121.7257,5530,52422
2627108837,20140301,5021427.39,8,5.46,4277,1263118,1.1,1,4,4,9,5572,3338,1960,0,98014,47.1977,-122.3345,5629,260058
5631125460,20150831,3046203.17,3,1.51,8619,1313790,2.9,1,0,4,4,2557,690,1937,0,98064,47.678,-121.5442,986,460609
8573156508,20140411,427531.46,10,5.42,1057,1353381,2.9,1,0,1,3,9403,1525,1956,0,98184,47.597,-122.2744,724,394195
6227770275,20140213,7870656.53,8,3.29,957,622076,3.2,0,0,3,7,597,2424,1924,0,98062,47.4035,-121.9759,2590,430725
7586677663,20141020,4260850.6,7,4.56,6129,845275,3.5,0,2,4,8,7204,2407,1968,0,98008,47.3754,-122.437,4115,546357
3843305977,20150310,5561094.45,4,7.17,4531,1271440,1.2,0,3,4,9,8101,3528,1908,0,98131,47.6158,-122.3252,4991,707277
5936170019,20150927,3246274.77,4,2.17,13504,1399810,2.7,1,1,2,8,337,372,1992,0,98125,47.7529,-122.3399,3825,28293
5269855942,20141130,2641419.17,2,4.74,9770,1454754,2.0,0,0,5,5,948,1875,1975,1912,98140,47.6979,-121.8185,5788,737963
5015074186,20151023,627829.95,6,4.16,6561,1378136,3.3,1,4,2,12,5957,3586,1981,0,98074,47.3832,-122.4081,1311,870230
8554823830,20140823,4251220.68,2,6.55,1002,1344978,2.9,0,1,2,11,2774,19,2006,0,98020,47.4574,-122.0143,4582,122581
7348094797,20151128,5902617.56,0,0.36,8348,1065848,2.4,0,1,1,6,3823,1097,1996,0,98063,47.7687,-121.3342,6159,227611
5199726889,20151123,938478.35,5,4.61,11914,780045,3.1,0,0,1,10,1594,1837,1968,0,98089,47.4496,-121.9028,1507,747465
6506916142,20141216,3353273.06,8,7.72,2571,361683,2.6,0,1,1,10,9276,3074,2013,0,98053,47.444,-122.3065,2572,777814
4209409482,20150713,4729862.76,10,1.51,4609,1136916,1.5,1,0,4,4,9133,2378,1970,0,98079,47.2039,-122.2187,3496,648473
5090645655,20140709,4537467.69,0,5.71,9091,458075,2.2,0,2,1,3,4662,1246,2006,0,98067,47.3806,-122.4341,1645,273768
9478755506,20140205,562445.2,6,7.39,1086,89360,1.8,1,1,4,10,5750,2418,1974,0,98089,47.377,-121.8818,2238,507598
3860836122,20150109,1749241.34,0,4.14,7972,1231918,3.0,1,1,3,11,7921,1204,1908,0,98003,47.5779,-121.5954,894,167419
9209445962,20140624,2094231.83,5,1.97,2010,353161,2.3,1,3,4,6,8481,4715,1942,0,98070,47.4491,-122.2219,407,7245
6527429627,20140421,3862087.53,7,4.28,8473,704657,3.2,1,1,4,7,5427,3364,1983,0,98057,47.3975,-122.4889,2019,793729
5108958040,20140705,4023565.88,6,2.75,5940,79610,2.0,0,2,1,3,4779,1301,1911,0,98152,47.2316,-121.6744,3040,58384
1758733857,20140512,6262152.76,7,0.02,4495,592285,1.2,1,3,4,12,3192,4627,1952,0,98015,47.5321,-122.3939,1375,473970
4341062820,20140517,6713701.15,5,5.98,10586,474744,3.2,1,2,1,1,3035,728,1917,0,98184,47.3967,-122.2023,3606,775093
2453400211,20140402,6040985.01,8,0.74,959,1522570,1.7,1,3,1,10,2491,1929,2015,0,98096,47.5668,-121.5969,3258,156125
7846456776,20140801,6543096.54,5,7.26,7745,21685,1.4,0,1,4,9,6090,2186,1936,0,98010,47.4143,-121.3443,509,428784
1362107594,20140620,4925674.59,2,0.16,10476,1370186,1.5,1,0,5,11,2004,3275,1999,0,98148,47.5149,-122.2007,5058,58771
8765153332,20141031,683819.75,9,7.69,10679,408547,2.3,0,2,5,13,7376,1110,1901,0,98156,47.4944,-121.3604,878,244555
4728140086,20140228,6561539.91,0,4.98,11865,1523840,1.9,0,2,2,8,1657,3977,1915,0,98088,47.5757,-121.772,2394,398934
4973483687,20150727,6222508.78,2,3.67,8307,942679,1.1,1,4,1,13,8954,1621,1996,0,98164,47.7732,-121.5451,3659,842834
6517276511,20140514,5996746.9,9,3.23,10844,184727,2.4,0,0,4,6,7860,796,1999,0,98186,47.5971,-121.6972,825,594763
4098777393,20151226,3491480.04,8,3.65,1661,1516945,2.5,1,1,2,12,6999,4476,1908,2001,98166,47.2596,-121.3894,412,288100
4383245831,20141215,2523225.8,7,2.32,4005,173731,2.7,1,4,3,10,5828,2156,1980,0,98177,47.6846,-121.5863,765,759185
9642997169,20150804,6619425.78,0,2.83,7393,358102,3.4,1,0,2,4,4917,1674,1907,0,98174,47.514,-121.4773,4041,630766
2644438939,20151222,4100022.13,1,1.07,12580,1082531,3.1,0,3,4,7,2539,4565,1954,1948,98146,47.6925,-121.3258,5991,652845
7128765044,20150708,5608909.49,6,1.78,4845,1328883,2.1,1,3,2,12,6469,483,1906,0,98107,47.5325,-122.1087,5095,77136
4284293891,20150801,794096.84,9,5.93,10588,1600844,2.7,1,0,2,2,2102,3083,1997,0,98149,47.4698,-122.4004,6037,722330
1469539301,20140921,6071865.26,6,2.63,13347,630671,2.7,1,3,3,13,7694,4616,1934,0,98071,47.6013,-122.1273,2056,452987
3143228644,20140316,4230153.35,9,6.51,10960,1504284,1.2,0,2,4,6,1633,4137,1992,0,98026,47.6747,-122.3893,2570,485612
7610823913,20141027,4097361.33,8,1.19,10755,249031,1.8,1,2,5,4,1545,4538,1976,0,98045,47.3203,-121.4191,6173,53551
4054983522,20140820,4444365.71,6,3.8,9680,1472738,1.1,1,0,5,1,4551,2550,1972,0,98064,47.2599,-122.2588,556,832582
5763498293,20150104,7478683.63,8,6.45,7630,1001470,2.0,0,4,3,9,838,33,1964,0,98056,47.7267,-121.9767,6107,352202
6875114579,20140302,3622103.05,10,4.78,4820,1634608,2.3,0,0,3,5,4262,2480,1987,0,98014,47.3455,-121.4249,4649,328591
7244389077,20141112,6127502.36,4,1.12,5961,1039923,1.4,0,3,5,7,2927,4549,1982,0,98075,47.2157,-121.6244,1248,562377
4373638601,20140226,7992286.75,3,5.97,10239,1515158,3.2,0,1,3,9,409,295,1904,0,98012,47.304,-122.3477,819,217938
5182454271,20150914,5303135.87,4,3.66,3365,8000,1.2,0,2,2,3,8638,1956,1937,0,98101,47.3734,-121.6972,1556,651771
3294914486,20150728,4610269.74,6,0.26,12430,740610,1.9,1,3,4,6,9189,2742,1960,0,98184,47.7374,-121.6926,786,91780
1836993474,20151001,1433527.66,6,7.96,6368,1141791,2.8,0,2,2,3,7784,2097,2007,0,98089,47.27,-122.0434,2821,22197
7683660985,20141126,6718421.48,1,5.58,10465,1531639,2.2,0,2,3,4,4743,1952,1942,0,98057,47.7301,-121.6147,4959,296632
7109937135,20140725,7664229.61,4,3.24,7028,604271,2.3,1,2,2,6,8873,3386,1908,0,98076,47.6348,-121.9976,1256,653700
5600785072,20140521,6057984.01,0,7.57,5327,954861,2.0,0,4,4,12,9389,3545,1957,0,98157,47.5261,-122.1487,2842,288708
8387873011,20150218,6915352.2,0,5.96,2678,766112,2.1,1,2,3,11,1018,1532,1958,1901,98113,47.6887,-121.7959,1862,158559
7892735617,20150819,327560.61,3,4.41,563,1486771,1.3,1,2,2,9,4026,2836,2008,0,98110,47.2794,-121.8154,3849,522363
7119437106,20151104,6658093.8,8,4.76,12813,1499192,2.9,1,4,2,4,4314,4643,2010,0,98055,47.4486,-121.9957,2164,682665
5051057977,20151004,1644489.67,10,6.28,4724,650707,2.9,0,4,2,9,903,4753,1953,0,98005,47.6643,-122.041,2525,600049
1968428149,20140109,5576106.7,10,4.36,1432,981094,2.4,0,2,5,12,6122,22,1994,0,98027,47.7694,-121.9695,3855,602637
2296708777,20140212,6106107.54,0,4.42,10097,1632983,3.2,0,2,5,6,1245,2548,1960,0,98044,47.2117,-122.0619,595,564980
5329899705,20140402,4243883.84,3,5.93,7557,1091658,2.7,0,0,1,6,5698,2574,1957,0,98035,47.1972,-121.6397,4882,323538
1037845433,20140819,3204369.53,4,7.25,9747,1151936,1.1,1,2,3,11,6356,4212,1909,0,98198,47.275,-121.9423,588,728864
3974088936,20140901,7558496.18,6,4.45,8204,759339,1.2,1,1,4,11,435,1352,1919,0,98155,47.4417,-121.8506,4512,366682
4000193919,20151126,4735266.86,6,6.08,6453,1315144,2.0,1,4,5,7,8680,3663,2013,0,98033,47.6863,-121.6297,2650,428777
1916820993,20140902,844321.49,6,6.16,8875,1445932,3.2,1,3,5,6,4729,3111,2004,0,98139,47.329,-122.0031,1431,816597
2673690220,20150327,4033361.02,1,3.83,2447,317073,2.1,0,4,5,1,2314,72,1924,0,98004,47.7114,-122.418,4858,606772
1086045776,20150228,4155339.57,5,5.17,10641,1530328,1.7,0,1,4,10,1452,1821,1904,0,98023,47.6434,-122.4047,6001,87366
9834233755,20150901,6060936.66,6,2.57,2360,3364,2.0,0,4,4,1,8066,782,1904,0,98112,47.3963,-121.5256,2561,193416
7717530912,20140114,1068176.53,3,2.98,3716,756962,2.9,0,1,5,4,4065,3448,1965,0,98032,47.2412,-122.2802,2667,793638
2138744325,20140111,5152640.91,8,7.5,3492,761548,3.5,1,3,2,5,5764,1074,1993,0,98137,47.2595,-121.7128,6099,275170
2096873461,20141124,4281893.4,3,6.5,10145,1016816,2.8,0,0,3,4,7931,1499,1900,0,98075,47.6606,-121.5507,3599,103359
3545714356,20150209,529899.37,2,4.76,1361,1117468,3.1,0,4,2,3,5205,607,1908,0,98033,47.5743,-121.5994,2223,677702
5113640595,20151128,5385577.58,2,1.94,13308,111870,3.1,1,1,3,4,8745,1099,1996,0,98166,47.7393,-121.9308,1881,207206
6664461719,20140620,2910953.44,7,2.36,6777,1254752,1.3,1,0,5,4,5509,3139,1963,0,98025,47.6663,-122.0191,1448,469864
8416701155,20151105,2134956.38,3,6.38,4785,1154358,2.6,0,4,4,4,6609,4034,1911,0,98042,47.2386,-122.107,3911,522886
2792139867,20150701,5893278.02,5,1.41,7481,542534,1.5,1,0,2,5,589,3143,2004,0,98165,47.7236,-122.099,847,564061
9361438253,20151130,4848494.91,4,3.05,8949,247275,2.5,0,3,3,13,1301,4353,1971,0,98163,47.229,-121.9804,3498,734489
2836660499,20140926,972277.21,0,4.0,11969,1179749,2.7,0,0,2,7,3809,2119,1938,1908,98140,47.6687,-121.8821,3925,391441
1550798006,20141130,1179247.44,5,7.82,11373,900754,1.2,1,0,4,13,4177,4514,2001,0,98172,47.5194,-121.8497,1033,179717
9371807263,20150618,4194588.14,10,6.95,4709,428872,1.4,0,4,2,3,1230,2689,1923,0,98106,47.2786,-121.7418,1638,580895
3837880133,20140624,4180293.14,2,0.85,10049,912963,1.3,0,1,3,11,2650,3403,1902,0,98140,47.5462,-122.1949,522,513598
6993221359,20140607,823161.55,6,5.5,5978,888716,2.4,0,4,2,7,8852,2175,1941,0,98021,47.2501,-121.8457,3648,440112
7908902443,20150426,4447430.47,9,6.27,4022,1410853,1.6,1,2,4,1,4850,2503,1911,0,98187,47.519,-122.0043,503,320195
2664805975,20150423,5657477.56,5,2.18,8142,540243,3.1,0,4,1,8,7983,3655,2009,0,98106,47.685,-122.201,2911,702204
3714743503,20151124,7912975.45,2,3.78,806,1323441,1.2,0,4,1,9,3759,2450,1953,0,98088,47.4561,-121.4213,844,787703
4152537136,20140415,4386698.34,9,4.39,9187,908707,3.2,1,2,3,1,4203,4411,1991,0,98145,47.6093,-122.4339,4852,762988
9999734213,20150517,4265147.31,2,1.08,10727,983192,3.2,1,1,5,1,2090,3785,1938,1975,98165,47.6316,-122.3687,2299,567819
5997877355,20150829,2603719.7,5,2.28,8045,204425,2.6,1,0,5,9,8603,598,1928,0,98151,47.4059,-121.6961,4771,42487
2050057103,20140626,5939068.56,0,3.39,11022,1360802,2.9,1,2,2,12,6184,4496,2002,0,98173,47.4574,-122.4321,5181,264433
6400004929,20151011,6972798.01,9,1.29,11314,556045,2.6,1,1,3,8,6268,4384,1986,0,98188,47.5453,-121.3209,3607,550634
6071247866,20141021,4611600.34,0,0.24,2706,441193,2.9,1,1,3,4,1667,686,2003,0,98177,47.2848,-121.8865,5219,616465
1883312280,20150318,7214483.01,9,2.27,1841,58117,2.0,1,1,1,11,8855,305,1965,0,98027,47.1764,-122.4302,2933,414497
6711890718,20141215,990312.78,2,4.19,10826,587306,2.3,0,1,1,3,1056,2345,1900,0,98123,47.4883,-121.7324,1952,140400
5868745056,20140406,2565341.37,5,5.42,2337,669173,1.6,0,4,2,5,3584,3338,1980,0,98149,47.5779,-121.8925,4544,702186
4066527138,20140722,4096810.43,8,4.37,3485,861038,3.3,1,4,5,8,6506,948,2011,0,98050,47.7028,-121.4798,4279,706667
3947682358,20151130,5323020.54,8,6.89,10539,599133,2.1,0,1,4,3,6520,2366,2006,0,98110,47.3996,-122.0249,5582,83322
6189868699,20141011,7111712.94,10,5.08,12855,719187,2.0,1,0,4,4,377,2607,1949,0,98074,47.3053,-122.0391,3550,354599
1494529809,20140529,1449891.57,3,3.75,4260,1103157,3.2,1,4,2,1,3057,344,2015,0,98117,47.2272,-122.4686,918,406308
1863370080,20140211,289320.32,5,1.2,9190,204131,1.2,0,0,2,11,8573,1629,2004,0,98182,47.6318,-122.4822,2397,578833
7565253877,20141114,325949.2,1,5.56,6292,1564029,3.5,0,0,5,11,1039,3019,1964,0,98152,47.2404,-121.6989,4125,95387
1165526119,20151111,2370564.07,10,7.97,10817,130880,1.9,1,3,4,1,7872,2148,1986,1988,98154,47.3742,-122.3114,5904,604980
8467417900,20141019,2627773.3,10,4.98,6957,1166968,2.3,1,4,5,6,7000,4580,1900,0,98188,47.4934,-122.5018,4987,769019
1869511705,20140912,5820717.32,9,0.89,7074,23441,2.6,1,1,5,11,6392,1286,1907,0,98023,47.3757,-122.213,3473,526427
5044728836,20140817,2451968.75,10,1.82,7976,635917,3.0,0,4,5,9,8975,3658,1972,0,98116,47.7287,-122.4926,2248,416902
3419073360,20140604,3863636.2,0,7.78,2276,1572317,1.6,1,3,3,5,7932,1759,1902,0,98153,47.4472,-121.3172,2356,121504
6170336209,20151201,4503558.72,0,7.03,7080,1103542,1.2,0,4,3,8,9348,719,1949,0,98083,47.6871,-122.3431,4978,774375
6313302025,20140511,3497177.69,4,5.26,6325,944927,3.5,0,2,3,10,4691,2957,2014,0,98103,47.6514,-122.4161,3796,669772
9262613395,20150128,1544626.13,0,0.68,7499,1403045,3.0,1,3,3,3,2069,4638,1916,0,98112,47.207,-122.0124,1052,75574
1938650174,20140521,5353788.81,9,7.15,2599,1063315,1.8,1,3,3,5,8235,2778,1909,1917,98147,47.3292,-122.0368,5438,362751
7635968678,20150420,5075150.52,0,3.04,850,1080523,1.2,0,2,1,7,3598,2159,1904,0,98006,47.4638,-121.6313,2375,393019
4560797520,20140127,7188910.07,10,1.25,9058,603332,1.2,1,2,5,10,7104,2247,1976,0,98176,47.4933,-122.2654,4470,684223
9199153892,20150219,4603818.94,0,7.36,10412,452104,3.4,1,4,4,11,993,2690,1957,0,98178,47.4077,-121.727,4538,317171
9044533021,20140517,5597210.9,10,4.29,9627,50255,1.1,1,0,5,8,1815,2300,1982,0,98193,47.1985,-121.4909,5540,234525
1471197391,20140220,2527969.9,0,6.7,7526,1075806,3.1,0,2,4,4,1499,2470,1954,0,98103,47.5114,-121.8041,1179,497283
2061285018,20151219,1817251.43,9,3.69,9354,682799,1.4,0,2,1,4,8617,2902,2014,0,98055,47.2311,-121.686,2575,211518
6652602426,20150310,4835681.74,1,2.62,1275,1161664,1.0,0,2,3,3,3530,2819,1990,1967,98079,47.22,-122.3086,3355,578008
6883178236,20150804,703986.11,6,0.83,12702,138062,2.9,0,0,1,3,2299,3394,1980,0,98020,47.7459,-121.4644,2009,386816
4674071288,20151016,7116753.1,0,6.18,4833,259717,1.6,0,0,1,1,2568,2660,1923,0,98159,47.547,-121.4864,4176,408624
1041583283,20141215,4747646.72,1,4.96,7602,778631,1.6,0,2,2,6,7671,3579,1943,0,98178,47.2736,-122.0844,878,43201
6706542133,20140207,6778758.07,8,2.02,5466,347923,1.3,1,3,2,8,8480,2442,1985,1973,98185,47.6726,-122.4311,1845,262062
4566319542,20141213,2352599.79,1,5.73,8914,1425705,1.7,1,1,5,6,5764,1633,2009,0,98100,47.6384,-122.0119,5991,332996
7449049659,20150208,983988.72,6,1.15,6143,906120,1.2,1,0,3,4,1139,1788,1916,0,98035,47.2518,-121.3486,3396,300115
8076810431,20150608,2162902.43,5,2.14,1980,576587,2.0,0,4,4,12,5920,4448,1962,0,98161,47.5174,-122.3318,4599,862726
8543314717,20140910,1946436.82,6,3.45,593,941623,1.8,0,0,1,2,887,2862,1953,0,98040,47.5179,-122.2804,3834,283356
7784365339,20141010,1969385.43,6,8.0,2238,659127,3.0,0,1,1,13,7258,1206,1938,0,98127,47.7395,-122.0479,3839,107806
9992543289,20150908,3667985.86,2,1.15,10640,485256,2.6,0,2,5,1,6050,3269,2000,0,98129,47.7052,-121.3575,6165,556917
9873833476,20141126,1362061.34,8,7.96,3486,1040971,2.8,0,1,1,2,6577,2894,2009,0,98127,47.4219,-122.042,1444,364850
5337001273,20141225,4909273.97,9,1.63,10636,566831,2.0,1,0,3,2,8424,3515,1941,0,98087,47.3513,-121.4251,522,270944
9666276000,20150703,5100783.49,7,5.69,592,1427161,1.3,1,3,2,3,8388,4561,2009,0,98142,47.2444,-121.7554,4755,598567
6595925747,20150126,4486108.32,3,1.7,5451,1635037,1.5,0,4,5,5,4224,1916,1917,0,98074,47.379,-122.0022,4661,296586
2586337526,20140224,4078007.89,1,5.93,2761,949610,1.4,0,2,1,7,6502,4647,2012,0,98181,47.1943,-122.3132,3418,440538
8586470894,20151028,526181.96,2,7.04,12703,672758,2.5,0,4,5,7,4672,755,1969,0,98018,47.7244,-122.3414,1940,556222
4447854094,20141119,1489434.5,3,2.73,9563,1079704,1.8,1,0,1,8,7220,2824,1939,0,98165,47.42,-122.3212,4131,160372
2070970514,20151230,7315633.86,10,0.72,7120,1462268,3.0,1,3,4,10,2370,1649,1934,0,98029,47.3831,-122.0733,4144,203550
3632435059,20140710,5434648.07,4,1.54,2376,1037645,2.3,1,4,5,11,8160,4128,2010,0,98102,47.536,-122.3387,3427,420376
8600575168,20151203,5160313.7,0,0.19,691,1325774,1.4,1,1,1,10,5055,2304,1935,0,98185,47.4056,-122.4143,1876,861619
8676165728,20151016,5520472.16,6,6.38,11780,444340,2.7,0,1,5,9,5016,980,1956,0,98047,47.6081,-121.4872,1327,565975
9578975571,20140409,5834365.64,2,6.4,616,629903,2.3,1,4,3,4,6499,2224,1943,0,98020,47.5569,-121.4804,3075,860490
8340041937,20140722,351274.36,6,7.25,8624,1435164,3.1,1,1,3,8,990,3718,1999,0,98183,47.4802,-121.6901,5114,147338
3641672412,20140509,3505869.79,6,6.74,9999,236597,2.2,0,1,1,1,1679,4663,1927,0,98181,47.5514,-121.4579,5367,453932
2258058874,20141129,4328595.77,1,3.98,8433,911990,3.2,0,2,2,4,7719,1667,1904,0,98056,47.7356,-122.346,2734,686490
7796288173,20140408,5824412.17,3,0.84,6785,323972,1.8,0,4,1,6,1703,1125,1946,1967,98063,47.5082,-122.3925,4603,860739
1076459429,20140410,7257592.26,3,7.44,4987,710459,1.5,1,0,2,4,451,1974,1950,0,98161,47.717,-122.3338,1497,475373
2230259716,20140919,603028.27,7,7.85,6339,81750,2.1,1,4,3,6,5492,2307,2007,1932,98181,47.2985,-122.3994,1424,298000
8315193681,20140323,7661226.58,2,4.58,8717,1632682,1.8,0,3,2,6,2272,423,1968,0,98117,47.2417,-121.715,1036,268171
8368640934,20140702,602476.06,3,3.28,10482,404617,2.9,1,3,1,5,6026,986,1909,0,98038,47.2169,-121.7875,1754,810324
2423946988,20150615,2686412.29,5,6.03,7841,567857,1.9,0,1,3,7,2577,886,1948,1908,98008,47.1899,-121.4551,5113,366046
4473545051,20140524,6788348.4,4,4.98,1311,1514311,2.3,0,2,3,6,9218,2033,1901,0,98075,47.2919,-121.7475,1307,651500
6780084899,20151004,2490006.28,1,3.17,3884,443296,1.5,0,4,3,9,6995,3059,1960,0,98166,47.6785,-122.4853,712,191754
4737708622,20140411,3994568.05,8,2.69,1925,227431,2.5,1,0,5,4,2793,3769,1921,2008,98090,47.4891,-121.4411,5023,3406
5429712300,20141211,6489399.76,2,7.75,4535,584843,3.3,1,2,1,13,6855,787,2008,0,98171,47.4354,-121.7919,4670,179268
5068911179,20151108,7737922.7,3,1.26,12311,431526,1.2,1,4,4,4,6773,2567,1907,0,98061,47.3316,-121.4345,988,834050
5419133615,20151201,5000211.5,4,2.53,3230,1501088,1.4,1,1,5,8,8249,357,1988,0,98032,47.5643,-122.3866,4207,289058
4359417535,20141124,6103754.81,5,4.4,7367,737717,1.1,1,4,3,9,9296,1078,1931,0,98069,47.3649,-122.0145,4746,665487
7483440122,20141218,1180068.81,2,1.84,5949,1246062,1.4,1,0,2,3,4787,3895,1916,0,98048,47.4106,-122.1231,744,50693
6172336551,20141117,5232023.74,10,0.39,12777,146028,1.4,0,3,3,9,3099,2787,1987,0,98009,47.2855,-122.3809,1917,270663
3054872636,20140615,4639092.71,9,5.25,7382,888851,1.3,0,2,5,6,4513,4495,1936,0,98041,47.3889,-121.8973,4472,3938
2371756615,20140815,3390426.07,10,7.98,10133,812430,2.1,1,1,1,2,7017,1937,1931,0,98077,47.6218,-122.3972,6087,224299
9369562019,20140804,3459799.04,5,7.18,5576,450786,3.5,1,3,5,9,1104,4471,1921,0,98147,47.3539,-122.1952,4911,63176
3339616125,20150324,1846420.33,4,5.5,5588,622333,1.2,0,4,3,1,8943,3278,1982,0,98185,47.6079,-121.7571,1225,321763
6752852114,20150821,7102574.67,7,3.97,8335,1283597,1.7,1,3,1,4,2106,731,2013,0,98030,47.2216,-121.7303,5163,386816
3336473229,20140522,1128222.77,7,5.09,5831,200349,1.9,0,1,3,11,3564,2799,1902,0,98142,47.1904,-121.8804,1785,607061
6218003660,20151116,5602031.85,9,2.54,11476,1167380,2.6,0,1,3,9,2037,1046,1912,1993,98173,47.4408,-121.8055,5158,552240
6891862716,20150203,7290887.22,9,7.01,6162,332615,3.3,1,3,1,12,7382,692,1975,0,98156,47.7228,-121.8536,1883,140833
1104393264,20150408,6908257.69,2,7.47,5662,1318481,2.3,0,3,1,8,6783,4207,1955,0,98198,47.284,-121.86,3427,94033
3494658324,20150804,7718117.37,1,0.61,11027,1093250,3.0,1,0,3,6,5984,625,1902,1904,98122,47.4983,-122.4312,1923,266073
8753553107,20141005,5089168.99,9,2.12,12676,1492586,1.5,1,3,4,1,2835,310,1936,0,98075,47.6021,-121.903,1895,122906
7173180345,20140821,2604153.89,8,2.65,2457,1575043,2.4,1,4,1,9,6175,4004,1941,0,98088,47.7223,-121.7345,2211,813444
6712446297,20140501,7868524.48,8,6.95,8405,155150,1.5,1,1,4,6,887,4801,1936,0,98052,47.5252,-122.1746,2084,462455
2679302297,20141215,589501.78,4,3.01,8288,1235567,2.2,0,1,1,5,9340,1286,1986,0,98001,47.3327,-122.0867,3637,632771
3365811511,20140125,3796305.62,1,6.1,8514,454845,1.2,0,2,3,11,8593,4203,1960,0,98023,47.295,-121.4733,2577,686069
5183518046,20151001,5769043.34,4,2.13,7105,747352,2.9,0,3,2,10,5119,3172,1961,0,98051,47.5006,-121.9907,1430,810004
5715689847,20150816,1171928.7,8,6.87,4457,369725,1.5,0,0,1,5,6118,4558,2002,0,98185,47.416,-121.9102,2227,858182
9279015967,20140526,5058534.79,6,7.9,4131,46812,1.1,0,2,4,5,1168,3349,1945,0,98136,47.1998,-122.4507,1103,385766
8874611627,20151101,7366672.54,10,4.2,5787,1179656,1.9,1,1,1,2,4166,3695,2000,0,98194,47.5028,-121.9113,2253,728623
8500055786,20150926,408400.0,2,2.14,8874,601955,1.2,1,4,3,4,6977,4348,2001,0,98129,47.4013,-122.0638,6191,301036
1012373027,20150526,2857096.85,2,6.36,10180,211825,1.3,0,0,1,12,6862,2239,1964,0,98133,47.6211,-121.9018,2558,253118
2217714000,20140811,2188551.12,10,0.76,7472,1646789,2.5,0,4,4,11,4659,672,1956,0,98084,47.6933,-121.6811,5205,711791
8680455514,20141003,5648846.38,4,5.8,8262,1118066,3.5,1,1,5,10,3156,205,1927,0,98162,47.2459,-121.4862,1466,81841
5004350769,20140916,1154352.37,10,5.92,1305,846593,2.3,0,2,5,9,5295,1382,1926,0,98067,47.5497,-121.6605,3073,387479
8404753395,20150521,2174313.15,10,3.68,1264,279805,2.7,1,2,5,6,6635,1703,1995,0,98034,47.3007,-122.1566,6143,451886
3409013274,20140112,704012.93,5,4.82,10071,1209981,1.9,1,4,4,8,7531,1914,1943,0,98169,47.3551,-121.6539,4788,416147
2049202031,20151007,2947511.5,2,4.72,4583,316685,3.3,0,3,3,4,7745,3544,1930,0,98100,47.6671,-121.8546,1249,2219
9127759899,20150730,3316042.44,4,3.2,13226,492745,1.6,1,1,3,2,8960,753,1995,0,98165,47.2418,-121.6704,4990,640533
6204773182,20150815,1337414.4,9,5.69,9253,123649,2.7,0,4,3,2,5052,2975,1976,0,98005,47.2879,-122.3549,4981,510716
2041053404,20151025,2637040.83,7,7.28,6873,1557424,2.3,1,1,4,10,6427,3846,1986,0,98114,47.2857,-122.2076,2641,501330
8825902694,20151120,5971811.05,10,2.7,3423,553318,3.1,1,1,4,4,4096,4677,1940,0,98129,47.7336,-121.9743,3101,108775
5834375438,20140412,1792272.84,5,0.29,1224,943975,1.7,0,2,4,2,5690,2834,1914,0,98188,47.3064,-121.4312,486,635112
1391845559,20150506,5385111.95,0,5.68,996,1537203,1.4,0,2,1,3,7104,1095,1909,0,98104,47.5008,-121.5345,3991,528451
4381453072,20151226,2879842.79,9,0.86,12832,1304554,1.3,0,4,2,1,9029,4167,1989,0,98081,47.5638,-122.4791,1316,648307
2783315783,20140107,350506.77,8,1.61,8088,1394915,2.5,0,0,5,5,5116,66,1983,0,98021,47.6607,-122.3703,804,303588
7727836194,20140607,3273757.85,10,4.37,10455,895630,3.0,1,2,5,10,2342,2370,2007,0,98105,47.305,-122.0789,5993,326528
6420942585,20140706,1561207.57,6,3.39,13455,289451,2.0,0,4,3,9,880,1729,1944,0,98196,47.4469,-122.0132,2697,691954
1128230853,20151208,4788502.92,1,6.77,8328,1051225,2.6,0,3,4,6,7181,4816,1915,0,98150,47.3012,-122.0299,2794,322256
7970641597,20141101,4506010.45,9,6.9,3606,1458109,1.2,1,2,2,9,5619,3519,1957,0,98021,47.7057,-121.3749,2499,854552
9660994254,20151001,319877.51,3,6.87,6827,447075,3.4,0,3,2,2,6478,1133,1904,0,98083,47.6041,-122.2066,5258,130769
8426734354,20141125,3189743.85,8,1.41,6692,458729,3.0,0,0,2,9,2304,2758,1960,0,98130,47.6435,-122.1728,2219,311715
6184450243,20140417,4410534.72,2,3.82,3250,970685,2.6,1,4,5,2,8268,3665,2013,0,98054,47.6947,-122.5055,2474,596367
3088349818,20150914,1238156.15,7,3.59,12392,864258,1.1,1,4,2,3,7591,2527,1990,0,98190,47.6806,-122.4571,5309,854331
9865593291,20140808,6498052.97,0,3.55,12465,573525,2.1,1,3,1,7,1187,4019,1950,0,98113,47.6028,-121.7268,2923,342526
5474127169,20150801,3519445.82,5,1.4,8468,1433961,1.1,0,3,3,2,1542,2211,1920,0,98113,47.4173,-121.765,5327,735327
5416760799,20150404,7303223.5,2,3.04,5878,307896,3.5,1,3,1,5,8682,1651,1960,0,98174,47.4102,-122.0806,2359,422452
1348889366,20141018,807115.32,9,0.19,4174,1646562,1.2,0,2,5,11,7286,4131,1980,0,98186,47.1938,-122.0835,797,313789
3420571534,20151021,6227467.29,6,0.84,4243,885452,2.6,1,0,2,10,412,3149,1992,2002,98181,47.667,-121.5441,5109,576421
6654684382,20141003,5796472.45,5,4.07,10831,257668,3.4,0,4,3,5,4357,4751,1908,0,98064,47.5294,-121.7884,5096,435719
4397114510,20141203,562902.59,6,5.12,9252,1391474,1.5,1,1,1,5,4457,4347,1901,0,98164,47.6357,-121.6521,6031,240874
5536038880,20150117,792254.94,0,7.3,8212,399998,2.5,0,2,1,13,7212,1437,1905,0,98032,47.4227,-122.5029,581,417162
2061795533,20140816,1281054.6,7,4.51,10840,1503901,1.8,1,0,5,11,3849,177,1922,0,98035,47.6009,-121.7462,3951,259715
7105387827,20150211,7989643.67,10,0.02,9604,453662,1.3,0,1,3,4,6628,4271,1960,0,98196,47.2452,-122.1268,4689,158793
6290124596,20141223,1771353.85,10,7.66,3915,1025349,1.1,0,1,5,12,6943,3270,1927,0,98152,47.3738,-121.6628,3738,455605
8529349043,20140411,6067113.63,6,7.5,1606,1012579,3.0,1,1,1,13,4341,4732,1970,0,98188,47.2452,-122.2932,606,16864
4971244462,20150815,7269213.23,6,4.65,11725,501217,2.6,1,4,3,8,8735,2437,1913,0,98004,47.333,-121.4043,4548,222626
9176869607,20140425,4096610.26,6,6.79,9493,1423391,1.2,1,3,5,5,2379,3492,1958,0,98004,47.392,-122.4271,2211,365680
3228563494,20141202,3726936.73,7,0.11,605,587854,2.1,0,0,4,7,3292,57,1915,0,98042,47.5967,-122.0681,1563,109260
6660394416,20140903,4331100.63,8,2.47,9679,1302926,3.3,0,3,1,2,2965,2637,1982,0,98156,47.5518,-121.731,3629,76054
1522512976,20140402,2554733.57,10,6.24,4378,1270908,1.7,1,1,1,13,5073,3207,1934,0,98029,47.7054,-122.137,5036,319220
8878874834,20150328,703392.77,1,3.56,10466,416747,1.7,1,0,3,6,4765,362,1968,0,98137,47.2935,-122.1751,2670,700041
7956930501,20140828,7570450.66,10,6.95,6864,517329,3.4,1,3,1,3,625,1391,1999,1977,98071,47.3291,-122.51,919,143899
2022508472,20140613,3331674.39,9,2.07,7308,305099,1.9,1,4,1,3,3573,3474,1994,0,98093,47.5903,-121.7459,2318,828486
6793953623,20140115,3170524.38,2,7.84,1799,164681,2.2,1,0,4,3,4964,908,1935,0,98092,47.1725,-122.3036,2471,797881
1896968115,20150120,7655426.9,5,5.64,1326,1104729,1.8,1,0,2,11,5156,368,1939,0,98004,47.5493,-121.8525,2666,533314
4990274331,20141106,6947614.15,2,5.6,8380,1460442,1.0,1,3,4,3,5969,3631,1901,0,98192,47.1684,-121.9709,1845,520340
2887470354,20151220,2521975.47,4,3.97,9497,78985,3.1,0,2,3,5,3055,4132,1975,0,98172,47.308,-121.9012,1736,77407
8515528435,20150413,6947648.73,1,0.57,612,1623140,2.4,1,2,2,10,7169,1194,2003,0,98160,47.3446,-122.3949,5126,417489
4668160758,20150516,2096895.83,7,3.02,1319,7976,1.4,0,2,2,2,8898,312,1997,0,98026,47.7106,-121.7707,1040,480159
3826628909,20140903,409882.02,10,6.32,1911,382176,3.4,0,3,2,9,5466,1269,1923,1969,98082,47.5266,-121.4445,5357,361577
4389069836,20150312,5834456.98,8,3.86,2322,745245,1.1,0,4,5,11,2358,1302,1979,0,98144,47.5466,-121.9697,789,682959
3736804744,20140113,584689.6,3,2.26,8845,48676,3.1,0,4,2,4,3646,3318,1908,0,98154,47.4358,-121.7809,3444,642153
3129209475,20150514,3576523.68,3,0.77,8967,729949,2.3,1,4,3,6,5463,2349,1938,0,98195,47.7585,-122.0317,4370,189939
5820963663,20140502,4918870.6,6,1.04,6477,716101,2.9,1,1,4,9,6149,780,1900,0,98127,47.5925,-121.4928,1709,220160
8150179909,20140719,6423639.07,4,0.75,11004,234879,1.0,0,0,5,4,7439,3125,1930,0,98170,47.5677,-121.4688,5387,133212
9897918987,20140212,4142914.09,7,2.87,8124,1491295,1.7,1,4,1,1,2798,499,1922,0,98055,47.4843,-122.1559,3950,396876
3592820818,20141012,950335.99,6,7.88,4812,1529942,1.4,0,2,1,5,9021,3271,1974,0,98176,47.2221,-121.9729,4587,782045
7997264145,20150401,5579435.75,3,4.66,12238,1335693,1.6,1,0,4,7,2511,2340,1974,0,98182,47.2811,-121.8012,1014,163760
5515500194,20140730,1333019.19,3,1.33,7390,248033,3.3,1,1,1,9,6402,3894,1951,0,98123,47.2926,-121.3284,2326,179476
6075142711,20140316,2978225.92,1,6.65,1175,1259471,1.0,1,4,4,3,871,681,1907,0,98136,47.4482,-121.3261,2287,698661
9531589228,20150108,5511905.2,9,1.33,4190,927308,3.2,1,3,2,10,6863,2906,1950,0,98088,47.5251,-121.4374,2155,775328
6421706926,20140304,3018190.27,4,5.02,12456,28359,3.4,0,1,2,12,6675,3460,1920,0,98183,47.3757,-121.4292,4054,508569
1806968506,20140521,2862373.31,0,6.57,3593,1234130,1.0,0,4,3,2,6800,484,1975,0,98128,47.1636,-121.9736,4314,422206
2128457817,20140413,2988528.36,3,3.98,3160,686594,1.0,0,4,5,2,2542,3539,2012,0,98162,47.2884,-122.1779,1941,729005
6821138833,20151207,5672241.87,5,0.46,1386,1425038,1.2,1,3,2,9,7840,4135,1900,0,98014,47.7645,-122.1484,719,125455
2912290083,20150528,6769896.74,2,0.69,13288,682487,1.4,1,4,4,13,5421,2139,1905,0,98023,47.7471,-121.5571,2558,731783
3219830625,20150727,829199.72,10,2.3,2230,189870,1.3,1,2,5,9,6676,1650,1906,0,98131,47.6937,-121.9375,2804,839422
8531985021,20150413,2957657.93,10,7.76,10290,1373052,1.3,1,2,3,11,6255,562,1992,0,98027,47.5388,-122.4411,3452,135464
3541790204,20150320,6626423.61,7,4.12,5354,137857,3.1,1,0,5,11,3597,2842,1970,0,98189,47.4477,-122.1819,3662,228979
6435464505,20150522,3944464.68,3,2.76,9051,1539644,2.8,0,0,1,11,9316,4142,1956,0,98189,47.7712,-121.7809,4107,837746
2027825897,20151217,2893985.28,9,6.53,717,333113,2.9,0,2,5,6,914,3673,1902,0,98116,47.249,-122.3347,2807,238485
4717267851,20141105,4717878.42,1,5.47,4299,1290890,1.5,0,4,1,8,8101,1926,2014,0,98072,47.6745,-122.0412,4710,212897
5954863160,20150511,5351777.91,6,1.62,12763,423195,1.7,0,0,5,3,3996,3482,1926,1917,98146,47.5357,-121.5241,5126,859269
1345897807,20150918,6655285.38,2,1.02,5378,1218173,1.2,0,0,5,12,8434,1355,2010,0,98102,47.5206,-122.2174,4350,190602
6589022080,20150130,818881.08,5,0.61,3492,1009560,1.6,1,2,4,11,4601,432,1955,0,98033,47.281,-122.067,2563,742089
5011887101,20141227,6325063.3,1,0.67,6753,154647,1.8,1,1,3,4,8222,67,1970,1921,98150,47.6868,-122.3246,4868,744180
7452276758,20150402,561696.88,0,0.21,13085,88419,1.6,1,3,1,5,8773,4635,1966,1969,98121,47.485,-121.4347,2571,570644
2166941526,20150710,621476.39,0,2.35,10593,602258,2.7,1,1,4,5,7036,3354,1918,1924,98121,47.554,-121.7765,6051,139283
6893539001,20140425,7138024.13,3,7.19,7536,912107,1.8,1,2,5,11,8540,1648,2000,0,98126,47.3966,-122.094,2489,130876
1122603829,20141207,4053598.02,0,0.74,2123,822798,1.4,0,2,1,3,8275,996,1953,0,98197,47.4886,-121.7556,2653,503873
5286775667,20141027,3042872.48,2,2.46,8699,1368592,1.2,0,4,3,11,3863,5,1922,0,98100,47.7009,-122.3734,2333,92542
2832931101,20150805,1441252.35,0,4.93,5783,1614503,1.3,1,4,3,13,2686,1675,1925,0,98062,47.5466,-121.3782,1900,93184
8101639720,20150824,7508244.7,4,6.35,1482,21181,1.2,0,3,5,9,2447,3040,1918,0,98135,47.3441,-121.7416,707,335244
3228027198,20140208,751303.07,4,2.35,3725,1482198,2.6,0,3,5,2,1943,1609,1962,0,98031,47.3514,-121.9623,1031,610411
9894100090,20150206,5675931.77,2,0.73,3207,1611860,1.7,0,2,3,3,5216,13,1988,0,98108,47.3269,-121.4529,3215,552591
7602015003,20150605,2677816.05,5,6.62,9931,118487,1.4,0,1,4,2,8998,2796,1997,0,98143,47.5103,-121.8173,3227,579310
2156558431,20140524,1576587.57,1,0.29,7975,584198,2.2,1,1,1,10,8543,2986,1940,0,98053,47.2494,-121.5003,2963,299417
2311298794,20141015,1851590.51,4,7.82,7411,689398,2.7,0,1,1,6,9300,1216,1937,0,98139,47.6187,-122.0844,3170,687249
8452479708,20151022,2976637.94,4,5.74,7440,547640,2.7,0,0,2,11,7720,4243,1947,0,98041,47.4568,-121.8899,2078,221586
6225400589,20151018,1607194.6,3,3.11,7749,848385,1.2,1,1,5,3,8354,429,1924,0,98161,47.2742,-122.2804,1218,325808
8491666874,20150115,4198016.31,7,0.68,8608,1452192,1.6,1,4,4,8,7807,609,1908,0,98086,47.3534,-121.4319,3586,205644
7772950841,20140117,5189267.67,6,2.07,11548,377456,1.7,0,2,1,6,6066,1472,1975,0,98029,47.5557,-121.8079,935,675186
3402079688,20141224,4093972.85,9,6.46,5339,129052,2.4,1,3,5,6,6980,3611,1937,0,98097,47.4682,-121.7008,5934,10632
2152563465,20141013,6495672.77,3,7.04,11721,311712,3.3,1,4,5,9,7662,639,1921,1981,98005,47.5127,-122.1283,1428,75885
9513765577,20140722,2763704.88,3,2.04,2239,1590304,1.3,1,2,4,13,8094,2814,1969,0,98010,47.2436,-122.081,1433,244295
5881309762,20140804,5155780.17,8,7.08,5453,1478577,2.9,0,3,5,6,8747,2704,1944,0,98056,47.5409,-121.9604,3114,214076
6816458520,20141213,4395344.07,5,0.22,10801,1112773,3.0,0,4,2,5,7901,4199,1943,0,98134,47.714,-121.8121,2801,218385
3717249684,20150908,4502325.84,1,1.9,8970,1490392,1.6,0,0,5,6,8066,4684,1931,0,98190,47.3939,-121.6069,4694,332714
6795491407,20151016,3472110.38,1,2.89,1440,970852,2.7,0,4,1,11,6106,4343,1905,0,98085,47.3844,-121.4028,5439,59144
8047889406,20150604,6187315.52,4,6.86,5616,984465,2.9,1,1,3,4,1835,722,2002,0,98086,47.3795,-121.7375,2248,496852
6881385212,20150302,1593352.83,5,0.1,12975,116656,2.7,0,1,3,12,9193,1729,1929,0,98037,47.7577,-121.6831,5861,762830
7457709436,20151130,3386716.87,2,4.76,2991,324880,1.5,1,1,3,10,6089,1124,1923,2003,98114,47.3707,-121.3719,6039,378595
5812176565,20150130,426007.36,7,3.56,3580,801670,2.0,0,2,1,10,9088,708,2006,0,98011,47.4844,-122.3348,3101,192855
9153548001,20140620,5750489.94,5,2.75,11636,335487,2.8,0,1,5,2,5344,3854,2011,0,98107,47.7272,-122.086,2259,256864
3246225424,20150311,6130457.33,8,1.13,8345,1591137,1.9,0,3,5,11,1355,2943,1977,0,98190,47.5442,-122.3753,1766,753144
4574767084,20140327,6814249.63,9,6.4,12509,1489541,1.9,1,2,2,9,2873,66,1961,0,98110,47.4522,-122.172,2528,293321
7621554289,20141209,460219.06,6,7.43,13463,120091,3.0,0,0,1,7,4487,1340,1907,0,98130,47.3115,-122.412,5040,500002
3541864717,20141108,4239678.99,5,7.12,4927,1033625,2.2,0,3,5,11,7415,1295,1923,0,98036,47.5937,-121.8556,2391,597175
8802846941,20140922,6541736.85,4,0.61,13468,827932,1.3,0,1,4,2,544,3924,2014,0,98056,47.6189,-122.0516,4872,606331
7771401607,20141105,1886114.37,1,3.89,4640,1558257,2.2,0,0,5,6,8368,775,1952,0,98119,47.7321,-122.0467,3350,67407
1298386894,20150705,1036204.75,8,1.52,6110,56545,2.6,0,4,1,10,7506,45,1968,0,98151,47.2231,-122.3172,3927,504682
9655148635,20140414,6848788.37,4,6.57,4220,1266004,1.2,1,3,4,4,1413,250,2009,0,98047,47.7623,-122.0996,747,590425
8601004394,20140217,1649903.24,3,5.41,470,856913,3.5,0,4,2,13,5621,3913,2011,0,98007,47.3794,-121.371,1152,347014
5545949138,20150102,7051040.49,3,2.34,2177,1286941,2.9,1,2,4,9,3745,4260,1900,0,98020,47.4967,-121.463,5810,237588
8323034154,20140408,3464187.83,5,1.63,1621,535873,1.9,1,1,2,11,3228,1135,1915,0,98146,47.7159,-121.6986,6106,658701
3353293216,20140101,761822.22,1,6.32,480,738709,1.7,1,1,4,5,567,3670,1945,0,98178,47.4815,-122.4246,3820,92424
8497194056,20150612,1608776.92,4,7.3,1192,14269,2.0,1,2,1,5,1311,3753,1997,0,98056,47.2616,-122.1213,1444,353501
2400304048,20140120,3095631.38,7,4.43,8168,823379,2.3,0,0,5,10,1658,3341,1945,0,98176,47.6539,-121.7601,1080,9597
4456658945,20140208,4878510.05,10,7.51,9791,753626,1.3,1,3,3,6,7932,497,1984,0,98129,47.7102,-122.0524,2321,748991
7296215640,20140516,3253688.21,3,5.41,11860,1245558,2.5,1,0,1,1,7296,2620,1953,0,98049,47.1895,-121.9931,3441,464738
9522139160,20140426,802423.64,2,3.1,3676,527407,3.3,1,2,1,9,2639,2154,1962,0,98016,47.4447,-121.5839,4740,508668
3824354421,20140707,2278380.0,10,7.7,4728,1337510,2.1,0,1,4,12,3364,4814,1937,0,98119,47.6817,-121.9629,2714,517584
7587897682,20151125,2352628.15,6,0.39,12607,587218,2.6,0,0,4,5,7494,976,1974,0,98161,47.3479,-121.8225,2352,503778
8021862948,20151201,301482.48,6,3.36,9163,42928,1.8,1,1,4,2,4923,452,2002,0,98167,47.4168,-121.7395,5620,71663
4022008700,20150925,5807442.85,2,7.13,9481,1552016,1.9,1,3,1,4,6497,1140,1918,0,98038,47.1807,-122.1062,4405,571245
3971065841,20150314,1928499.13,5,6.33,13468,1393724,3.1,0,4,3,6,8563,1286,2011,0,98164,47.7237,-121.8511,1791,592439
6227905704,20150418,2200791.9,8,0.87,11531,100903,2.5,0,2,2,2,9348,3959,1950,0,98094,47.3245,-122.4828,742,370479
4735029048,20150824,5595605.13,9,3.07,3480,1628711,2.4,0,3,3,2,727,1690,2013,1997,98038,47.594,-121.8947,3782,88001
2666454806,20150715,7710537.72,6,3.19,6883,875222,2.8,1,3,1,6,2582,620,1941,0,98019,47.3954,-122.4399,1658,460914
1767447522,20150507,1744613.25,7,6.91,1088,514245,2.6,0,2,1,11,752,231,1967,1950,98125,47.2596,-121.4875,909,484150
5526674853,20140719,367543.4,2,2.54,7957,782192,3.1,0,4,2,2,6064,419,1972,0,98092,47.3062,-122.4198,6032,642388
5192282523,20141012,4500901.59,5,6.89,4801,1080344,3.3,0,1,3,7,7010,2660,2013,0,98026,47.6717,-121.5038,1733,466438
5857475583,20140804,4906159.95,9,1.89,1881,690652,2.1,0,3,2,4,5762,4652,1963,0,98026,47.4141,-122.4958,4925,103631
6114018223,20151007,4061715.52,8,3.83,863,790106,1.3,0,2,5,13,4120,1036,1900,0,98034,47.1819,-122.4608,3559,279936
3553060734,20140724,2469788.68,0,3.85,4335,834022,3.3,1,2,4,5,5902,4156,2005,0,98123,47.3754,-121.6988,458,822487
2713649743,20150215,5557264.31,9,1.48,7410,81290,3.3,1,0,2,8,7743,173,2001,0,98193,47.6803,-121.8383,2607,785174
4462132424,20150602,5658959.07,6,6.26,5921,418944,2.0,1,2,1,6,868,4030,1950,1991,98015,47.7477,-121.5482,4948,454114
3873251775,20140420,5779046.05,6,5.89,13231,1542484,2.9,1,0,2,6,5883,500,1906,0,98001,47.331,-121.8239,1727,557058
1209560581,20140925,4874115.25,6,4.67,7586,1436170,1.4,1,0,2,6,3084,4549,1941,0,98158,47.7309,-122.1215,3302,689928
4251330278,20140625,4507590.96,8,2.32,1014,1303420,2.9,0,3,1,1,1299,3961,1973,0,98152,47.5367,-121.8438,3081,664139
9900580106,20140710,1704697.82,7,4.55,10696,1456538,1.3,1,3,3,12,2443,4295,1927,1965,98185,47.4118,-122.4205,3577,106900
4523029725,20141129,4110740.16,0,0.01,2991,673234,2.7,1,4,2,6,2018,4201,1950,0,98117,47.5676,-121.3387,3368,164710
7262119523,20150213,6401735.29,8,7.37,10548,868775,2.4,0,1,5,8,3211,2219,1936,0,98046,47.1749,-122.488,1182,823230
5295225583,20141011,3249473.87,1,0.66,6327,263214,1.3,0,1,1,3,4758,621,1917,0,98163,47.5566,-121.5568,4382,131833
9230471998,20150408,5512741.1,1,4.01,4356,28259,2.9,1,2,1,4,6789,3953,1999,0,98129,47.6844,-121.5518,4259,701250
1569137811,20140527,4273711.28,7,1.17,10485,589532,2.8,1,0,4,2,9022,391,1955,0,98094,47.3088,-121.6161,2742,291692
5387609872,20141011,1388113.04,6,4.1,4000,986357,2.0,1,2,4,2,4341,2840,1958,0,98057,47.1987,-122.1404,2886,216964
7911637454,20150820,1846521.9,0,5.09,12665,370185,2.0,0,4,3,3,6203,986,1985,0,98148,47.5161,-122.0736,3767,652134
8361476731,20150731,5374950.16,0,1.2,3072,312501,3.2,0,0,3,1,3845,791,1921,0,98089,47.338,-122.0724,5334,721221
2595446870,20141022,2590078.5,9,0.36,7907,111879,2.0,0,0,3,2,5666,2014,1982,0,98113,47.5993,-122.3273,5455,677011
3490525096,20140126,7823141.72,7,6.32,13032,1004342,2.9,1,3,5,8,2011,2961,1912,1991,98143,47.2811,-122.0832,679,809737
3480405965,20140701,6311028.51,2,3.26,4511,673744,2.6,1,4,1,6,6578,3643,1923,0,98021,47.6021,-122.4233,5125,412704
4688526690,20151219,7861253.16,4,0.41,13079,1190278,3.3,0,3,1,9,1334,958,1986,0,98011,47.5163,-122.5006,1125,15374
1520306871,20141110,7125279.5,0,3.13,6319,1365126,3.3,0,0,4,13,3280,2045,1967,0,98081,47.6549,-122.1446,2020,235551
5864591569,20140307,793168.98,1,0.32,10103,1625864,3.0,1,2,4,2,7174,4347,1923,0,98096,47.1955,-121.913,5551,642404
3611939162,20140823,6561832.97,10,0.24,8054,1458160,1.9,0,1,3,3,5336,851,1924,0,98018,47.5314,-121.5351,780,405454
2358368754,20140820,6145918.07,2,2.9,6744,1526646,1.6,0,0,3,7,2826,3348,1956,0,98109,47.6431,-122.4755,4557,844020
9677381533,20140207,5092059.7,0,5.48,6403,1465517,3.0,0,1,4,12,3183,4502,1939,2005,98152,47.5231,-122.0456,5738,770355
7475109638,20150616,2856119.61,4,1.48,12989,1120997,3.0,1,0,1,8,5213,2148,1934,0,98127,47.2673,-121.5881,772,545839
9498074955,20140919,1867275.44,6,3.35,9999,1502312,2.8,1,0,1,3,1212,636,2003,0,98154,47.7159,-121.6687,4196,367335
5155187188,20140914,1126783.12,2,7.23,5060,951320,2.8,0,2,4,4,4108,1178,1979,0,98185,47.1574,-122.2217,2129,708284
7254016883,20151223,3866128.76,0,3.58,1229,1286165,2.2,1,1,2,6,3657,199,1998,0,98179,47.329,-121.5859,4814,309849
4441011894,20141026,1725780.0,3,5.46,7653,506927,1.9,0,3,2,4,2029,3676,2003,0,98189,47.585,-121.9737,5310,684495
9930626537,20151009,1838915.69,2,5.9,12390,269615,1.8,0,0,5,9,301,3486,1901,0,98049,47.6794,-122.3228,885,664301
3100345402,20150927,6484861.47,5,6.68,3279,656467,2.3,0,3,1,5,411,1492,1906,0,98154,47.3281,-121.5016,1828,284442
6189111765,20141108,504977.42,9,2.5,9642,1643371,3.3,1,1,4,11,6910,773,1967,0,98184,47.6282,-121.5642,1060,343932
4795969421,20150309,4448994.08,0,4.38,10385,1230050,2.9,0,0,3,12,6154,4728,1999,0,98114,47.3227,-122.1815,3041,496328
7069417655,20140908,1036438.07,9,6.33,10196,1150938,1.7,0,4,2,2,7662,4710,1974,0,98037,47.6011,-121.5067,4871,302297
5137810031,20140910,3455844.11,2,4.1,4289,1375667,2.2,1,0,4,13,1441,3450,2002,0,98158,47.5604,-121.6097,5734,491260
4994084833,20140425,3841262.47,3,1.24,5248,1183125,2.9,0,2,2,8,5264,3016,1957,0,98041,47.4542,-122.1367,3202,126683
8540390306,20150418,2599063.7,7,2.35,11607,632681,1.8,1,4,2,1,8825,2249,1924,0,98020,47.2589,-122.3306,984,386992
7655625555,20150820,1026616.66,3,4.55,11803,603937,2.7,1,4,3,10,5310,3990,2014,0,98166,47.2155,-121.3249,4058,2490
6603952927,20140414,1875147.84,5,5.56,12168,1329674,2.5,0,2,4,7,5973,1334,1974,0,98119,47.5324,-122.2573,4161,537739
6097720116,20140227,4825811.84,5,5.93,13295,74365,2.0,1,3,4,8,414,330,1964,0,98024,47.452,-122.1862,2342,197324
8590112417,20150130,1482304.39,5,7.0,6082,237834,1.8,0,3,2,1,9401,865,2010,0,98191,47.5645,-121.8352,3749,392601
9128419280,20150722,6380194.68,3,1.38,5013,791015,3.2,1,1,1,2,5357,3173,1913,0,98086,47.3041,-122.152,3262,324442
1838710827,20150522,4344860.27,2,0.39,10493,1457381,2.2,0,4,5,12,904,265,1937,0,98130,47.4214,-121.5138,5579,721107
7076080300,20141224,2327018.0,7,7.27,8797,481936,1.6,0,3,1,3,6291,652,1947,0,98025,47.2839,-121.8107,5892,436923
1661313161,20140409,6370582.18,7,0.79,4462,718368,1.1,1,0,5,11,8813,4544,1913,0,98171,47.4422,-122.3987,5379,199511
1807843448,20150112,5797473.57,8,2.15,2479,1191997,1.3,0,3,3,7,3717,4757,1968,0,98176,47.2973,-122.4066,3940,315442
4311021434,20150825,1882732.5,9,6.44,756,829396,3.2,1,2,5,6,6511,179,1958,1983,98194,47.1856,-121.703,4755,194627
8702928805,20140510,3151511.97,9,5.11,11375,1296174,1.2,0,0,2,3,8093,291,1923,0,98143,47.6747,-122.2485,4129,500970
6664419083,20150822,6587077.4,2,2.74,12578,1384732,3.2,0,0,5,6,5030,633,1942,0,98071,47.2342,-121.8221,2625,868242
8395666005,20140317,4987832.26,2,5.87,1514,878738,2.4,0,0,5,3,5210,587,1967,0,98097,47.4578,-122.4365,1146,475624
5585217673,20140323,3705699.12,10,1.32,8944,1585105,1.8,0,1,3,12,2882,3576,2012,0,98168,47.2463,-122.2771,2713,750138
5701295526,20141228,6148834.15,8,5.7,4388,1278079,3.3,1,1,5,10,1637,2695,1980,0,98076,47.4016,-122.0575,2232,438021
6435708731,20150827,3449458.82,7,7.0,12662,216751,1.1,0,1,5,4,420,4018,1950,0,98194,47.5259,-121.3695,1288,668778
5875801010,20140525,3076787.32,5,3.56,6356,165290,2.6,1,0,3,8,8349,4143,1914,0,98050,47.5232,-122.4286,943,739485
4337941130,20140630,6181781.52,6,4.46,13258,892752,2.1,1,0,4,3,4539,2923,1903,0,98156,47.7307,-121.8037,2455,216136
8263499925,20151011,2430527.85,0,4.89,4113,345007,2.5,1,2,1,13,8772,137,2001,0,98147,47.6477,-121.8929,2306,306384
4016686392,20141110,7787812.79,0,5.59,9771,1304400,1.9,1,0,2,8,3788,3856,1938,0,98030,47.3495,-122.2157,1196,177241
7781806952,20150906,4811795.97,7,5.94,13440,658416,2.9,1,4,3,10,2305,3956,1987,0,98019,47.643,-121.7327,4798,567486
1362486385,20150302,971062.88,10,2.45,8707,493024,1.1,1,1,3,10,7351,4433,1957,0,98194,47.3071,-122.2738,6053,476632
8352979114,20140314,1799809.21,3,3.81,11764,426236,1.9,0,4,4,9,7095,66,2002,0,98179,47.2442,-122.0741,1971,677397
8373943272,20150306,994450.21,6,0.24,10568,862382,1.3,1,0,4,12,4832,4787,1944,0,98148,47.5952,-121.8265,1240,79721
1556417882,20150425,5185270.63,5,5.9,2566,1240598,1.6,1,3,1,12,4782,258,1934,0,98181,47.1895,-122.1662,3197,450520
8246682025,20150717,6157162.08,3,6.91,8656,1434384,2.0,0,1,3,7,6379,3508,2000,0,98092,47.617,-121.6236,1194,234200
6430474586,20150721,7651842.62,7,1.44,13489,1609794,1.2,0,0,4,2,3928,2455,2004,0,98197,47.6516,-122.1057,2020,170146
6995059001,20150317,3922343.35,10,6.45,11225,1549058,1.6,0,1,2,8,6705,2448,1927,0,98060,47.4431,-121.6088,2929,140450
9100394886,20150717,2028337.49,2,2.61,9625,945918,1.1,1,0,3,13,3260,2023,1907,0,98060,47.6921,-121.9258,2922,169203
7804475261,20140603,7426547.9,10,6.16,2120,1066833,2.5,1,3,1,3,7814,2281,1966,0,98156,47.4011,-121.4032,5419,491717
3642916582,20150402,6117554.24,8,1.67,12571,1484036,2.8,1,0,1,12,2279,161,1955,0,98024,47.5634,-121.6281,3883,250713
2404256251,20150509,6366257.32,4,6.19,10159,1180855,1.7,0,2,5,11,7990,543,1923,0,98011,47.3749,-121.5435,1974,565761
6468136609,20151013,1287970.57,0,5.78,3319,285835,2.1,0,4,4,6,3441,1257,1952,0,98096,47.2527,-121.7337,4905,764480
9601338990,20150914,6047393.76,10,1.42,5127,274510,1.9,0,0,5,11,3624,2480,1916,0,98005,47.244,-122.1625,665,602071
5485904116,20140625,7456223.02,1,2.4,5913,978808,2.8,1,0,2,6,1942,176,1926,0,98087,47.7175,-121.7795,5643,692689
5130852772,20140124,7732360.25,6,6.74,8262,1324413,2.0,1,2,5,3,5705,755,1943,0,98119,47.1938,-122.4819,5908,191652
8754701102,20150204,5261085.65,5,0.48,892,1565748,3.4,1,1,5,10,2009,2847,1973,0,98030,47.5005,-121.7597,3092,468670
4600746953,20150930,5753103.36,6,0.12,5170,891415,2.9,1,2,1,6,2175,1269,1983,0,98127,47.4479,-121.7954,4631,49333
9335333367,20150406,2765265.4,8,7.44,5282,1599725,2.1,0,2,1,10,6265,1535,1998,0,98151,47.5889,-122.2775,4041,429253
2914200037,20141225,4940345.28,4,4.86,11126,1310619,1.8,1,0,2,4,6075,639,2007,0,98089,47.5162,-122.1453,2263,753220
1049886909,20140711,1443992.39,4,7.15,11260,586852,3.3,0,1,3,8,4119,1172,1903,0,98159,47.6214,-121.8642,4962,59467
5881867526,20140323,3478648.91,5,2.7,12520,588003,3.4,1,1,1,8,3328,1954,2015,0,98075,47.1955,-122.205,4474,249250
2065643795,20140831,1725825.93,6,1.95,1619,840171,2.4,1,1,4,10,292,2752,1911,0,98103,47.7047,-121.4185,5522,429812
6949985985,20140419,7742867.4,6,4.47,5764,505148,2.4,1,3,4,13,975,1544,1988,0,98075,47.3541,-122.5067,4798,328672
3647790877,20151001,3774947.58,4,0.63,11815,559011,3.4,0,2,5,8,5986,4252,1909,0,98075,47.2058,-121.8622,1607,9665
3639029503,20140714,2568332.38,0,1.58,11110,414634,1.6,0,1,3,12,8509,4362,1949,1956,98135,47.7301,-122.1319,3368,298253
8121731563,20140216,5023943.46,7,4.9,13468,290801,2.9,1,4,3,5,1181,1675,2007,0,98180,47.5238,-122.0195,781,711004
5677609037,20151111,7299571.72,8,6.54,12059,1015173,1.1,0,1,1,10,7590,3049,1932,1929,98045,47.5668,-122.0033,4124,384889
6996008534,20140627,4655579.93,1,2.19,2349,1593781,2.9,1,1,1,2,4575,1615,1950,0,98044,47.3844,-122.5083,5783,380315
6998537864,20150411,6922833.02,8,1.83,4989,1503131,1.8,1,4,3,9,8172,316,1949,0,98173,47.3571,-121.5471,5507,18404
8270925607,20150815,3383195.73,4,1.93,1554,195566,3.0,1,1,1,2,3101,1876,1957,0,98160,47.2317,-122.184,5556,655069
5890446209,20150829,1695761.66,0,7.19,13010,1104452,2.1,1,2,4,7,5101,1256,1944,0,98157,47.2422,-122.0134,5399,541489
7578927421,20141230,6156137.18,9,1.41,3784,477370,3.2,1,1,4,2,4721,3050,1973,0,98100,47.3722,-121.9992,2702,255294
2940908797,20140804,2530918.93,7,7.18,12436,474525,2.0,1,4,5,5,1325,4016,1971,0,98151,47.7,-121.695,1789,198896
6997895547,20150603,2184797.0,7,6.41,590,1187996,2.2,0,4,2,10,7218,1564,1901,0,98152,47.3772,-122.3108,2409,475812
7888166707,20151228,6351334.29,6,6.92,4599,333423,2.9,1,2,2,6,2423,4466,1964,0,98055,47.2771,-122.2085,1827,344178
3865239343,20141102,7614966.22,10,7.26,9387,806924,1.8,1,1,4,6,3878,3163,1958,0,98182,47.6953,-121.7048,1166,797201
8164074159,20151130,2007102.87,7,2.61,3918,736057,3.0,1,2,5,11,8721,958,1948,0,98163,47.7164,-121.7862,5503,690222
2728751642,20140704,5720741.79,2,6.79,10901,822295,1.9,0,3,1,3,8720,3169,1909,0,98072,47.7516,-121.5629,4642,430414
8810977397,20140204,6725609.99,3,4.3,9264,507746,2.0,1,0,4,13,8043,4351,1930,0,98057,47.3403,-121.4966,2931,862558
1757121305,20150303,1868918.55,10,2.42,12271,1390778,1.1,0,3,1,3,2401,3964,1906,1987,98001,47.288,-121.8653,4564,160200
8034181942,20150414,2296778.52,1,7.35,11514,811780,3.2,0,1,4,11,4590,3718,2004,0,98158,47.483,-121.7884,3523,166746
7487063539,20150718,4055838.38,3,0.33,11806,124027,3.1,1,1,5,4,1154,3117,1900,0,98130,47.2208,-122.3535,5466,586327
9651942448,20140909,3784721.43,5,0.66,10628,145203,1.5,1,1,2,9,4676,2930,1970,0,98034,47.658,-122.2333,5327,822428
9391022942,20141007,3263150.79,2,2.41,6066,340697,3.2,1,2,3,3,1106,358,1942,0,98156,47.6344,-121.3194,5607,341288
5421973448,20141014,5193812.54,7,5.56,1005,1450664,3.2,0,1,3,4,4135,1188,2013,0,98197,47.2751,-122.0215,2216,626636
7106522526,20151128,6453468.04,5,3.41,4558,690170,1.5,1,3,1,13,5902,1511,1912,0,98041,47.5957,-122.473,1570,755920
4878978090,20150727,7787253.8,9,1.47,1487,395181,1.4,0,0,3,9,1480,3634,1961,0,98062,47.2206,-122.1021,2375,591826
3550250309,20140107,4135066.73,8,3.07,719,1081049,3.4,1,2,4,6,1361,3068,1949,0,98109,47.696,-122.1464,5119,526395
6919738497,20140805,671430.99,5,6.05,10825,1210246,3.3,0,4,4,4,6903,2000,1987,0,98122,47.5495,-121.5188,6181,862885
3620958761,20140910,391419.42,4,4.68,1314,83680,3.3,0,4,4,2,396,3429,1944,0,98172,47.5279,-121.7845,5903,615153
3844047348,20151012,1702429.27,8,3.92,2187,1051945,2.0,0,1,5,1,4240,975,1907,0,98117,47.7458,-122.1638,4968,333588
3349863821,20140402,980518.48,2,3.21,12525,120328,3.4,0,3,1,1,5122,1120,1978,0,98143,47.7031,-121.5881,4163,656252
2543509085,20140107,3544396.83,9,0.17,6624,651169,1.4,0,4,3,9,8108,4484,2003,0,98069,47.4358,-121.5193,4295,833718
9008530218,20150226,3684960.71,6,5.88,11232,1620720,2.6,1,0,1,10,5894,947,1963,0,98120,47.7081,-121.7609,5781,193289
7525322896,20140503,7961469.46,4,0.32,623,1538001,1.8,0,0,4,7,6649,1840,1983,0,98081,47.5828,-121.3305,972,147224
4519175430,20140907,7238863.43,6,0.84,6724,438561,1.5,0,3,3,9,8188,579,1939,0,98157,47.3412,-121.7812,443,731934
9949385938,20140603,6397632.66,8,0.1,3459,1177337,1.5,1,2,4,8,5120,3041,2001,0,98087,47.3123,-122.3747,524,287997
8353480219,20150804,6242541.26,7,2.74,13050,277119,1.2,1,2,2,5,8471,3099,1916,0,98155,47.3158,-122.411,3565,531459
8910507298,20140629,3348303.32,8,5.95,9597,1318754,1.8,1,1,3,3,2580,866,1915,1907,98062,47.6766,-122.0897,580,218956
7834064813,20140405,4383164.65,6,7.75,347,496020,1.9,1,1,4,1,7791,4356,1906,0,98038,47.2609,-121.7532,989,558654
6018708415,20140114,6693228.21,2,0.28,10527,1081351,3.1,0,4,5,1,1934,1478,1987,0,98098,47.439,-122.4834,3051,493419
1549370173,20151230,2710107.52,4,5.03,7021,1472649,2.8,1,0,1,12,7852,3600,1992,1907,98183,47.3267,-121.902,1876,550972
8561888843,20151225,1151344.67,3,6.69,2220,603580,2.9,0,4,4,2,6285,242,1925,0,98067,47.3303,-121.3651,1998,29633
7616512973,20150811,5289027.0,3,0.59,12219,1457527,2.7,0,0,1,11,1554,1757,1940,0,98194,47.4854,-122.3195,2738,79216
8388697256,20151014,4326027.77,0,1.38,4303,257585,1.5,1,2,3,8,6547,2905,2003,0,98024,47.2884,-121.5608,4943,85979
2265961053,20150208,6249297.73,5,5.74,8534,1335306,1.2,1,3,4,9,2954,3314,1921,0,98075,47.2741,-121.7076,5697,190157
2469535423,20150501,923426.22,10,6.44,10251,1154635,2.2,0,3,2,12,1991,3413,1926,0,98102,47.286,-122.244,2040,485650
7655618402,20151024,1779347.01,3,6.97,5104,1163186,2.7,0,2,1,13,6492,3799,1947,0,98194,47.7677,-121.3576,1032,415576
8372737314,20150421,6344949.06,10,6.41,10138,933110,3.1,0,0,3,13,2913,731,1961,0,98160,47.6631,-121.6542,6020,401603
9710654915,20141004,3601157.72,5,4.33,1038,1111980,2.1,0,4,4,13,3076,295,1913,0,98103,47.5204,-122.1322,3618,64098
2609295577,20150920,1752118.87,8,7.9,8798,928543,3.0,0,4,5,1,2180,2782,1943,0,98124,47.2896,-121.9643,814,605306
7226061194,20150428,2066731.66,7,7.81,2592,1152594,1.9,0,0,1,8,3158,620,1959,0,98108,47.7366,-121.8606,5473,718704
7178871247,20140516,6696885.7,0,7.49,8325,16453,3.5,0,3,1,9,6859,3498,1966,1951,98009,47.2956,-121.8476,5146,131516
4525717602,20141031,1578300.9,10,0.82,2829,231927,1.4,0,2,4,12,8611,2495,1964,1941,98078,47.4571,-122.0931,1111,430664
7768631493,20140829,6499397.52,1,4.67,12748,224568,1.5,1,3,5,1,2146,4180,2012,0,98029,47.5372,-122.3211,1973,193413
2702754761,20150730,5151346.47,9,0.55,13056,217140,1.8,1,3,3,8,4324,4490,1983,0,98115,47.7497,-121.56,4427,398229
2091800550,20140918,7556673.6,5,7.46,9599,469392,3.5,0,2,4,2,8830,4244,1906,0,98118,47.4107,-121.7598,5523,290496
7072847748,20140211,6943393.18,8,4.86,4534,1243792,2.9,0,1,3,10,7548,58,1913,0,98073,47.4245,-121.7801,717,460080
2263375638,20150213,4475659.42,8,2.8,6735,1313812,1.3,0,1,2,4,2618,1,1983,1965,98189,47.7689,-121.8582,2397,240055
9981218072,20140812,4577481.67,5,0.09,3576,28231,1.6,0,0,4,9,3198,3813,2004,1962,98073,47.4494,-122.0668,2084,618716
8534043453,20150722,3809175.06,0,6.61,13451,1316380,2.9,0,4,4,11,2286,3925,2012,0,98109,47.4193,-121.4775,891,327485
3453532699,20140220,6499726.59,5,3.13,9320,1631699,2.3,1,3,3,5,6634,898,1934,0,98165,47.65,-121.4422,2352,555796
8132825279,20141118,377662.51,10,6.96,12972,908949,1.5,1,3,2,7,9410,2252,1993,0,98165,47.4235,-121.7482,5621,848472
8048398830,20140129,1482225.73,1,2.68,6859,246953,3.3,0,0,2,9,2033,858,2013,0,98064,47.235,-122.3154,1001,420127
8735036029,20141002,6472423.52,3,7.09,11864,1180714,1.0,0,4,2,7,4691,4222,1946,0,98116,47.1608,-122.2062,3871,795030
4269119812,20150907,5260797.64,9,3.33,732,1285441,2.0,0,3,2,2,5238,1866,1986,0,98039,47.4722,-121.9688,3606,79707
8706720695,20140601,422080.66,4,0.44,3408,1415701,1.3,1,3,5,7,6417,32,1978,0,98042,47.355,-121.88,1352,292444
5739334699,20141201,5945132.24,6,7.03,3869,66614,1.4,1,3,2,11,3888,3094,1958,0,98182,47.5181,-122.4556,2440,559671
5567634598,20141015,6372843.48,10,3.69,2247,849447,1.8,0,2,3,1,7967,4792,2007,0,98012,47.2845,-122.0014,3374,846241
3073531585,20141105,4216546.06,3,0.08,11894,1606923,1.1,0,1,5,12,329,170,1936,0,98035,47.4119,-122.4549,1687,378443
5047804632,20150321,4867347.66,0,5.22,5172,178081,1.8,0,2,4,6,6848,3930,1920,1964,98045,47.7516,-122.2171,4601,836933
6488901153,20140710,1240331.37,7,4.3,1564,42022,1.1,0,1,5,6,5631,2312,1942,0,98175,47.1856,-121.427,5412,631144
7213898913,20140707,1247382.01,5,3.95,2272,1555631,2.4,1,2,2,8,3801,4158,1973,0,98035,47.2475,-122.2724,1494,399650
9942376427,20150324,702753.65,3,7.63,562,1056879,2.5,0,1,3,13,2274,2154,1974,0,98070,47.2013,-121.4159,1148,69267
5255903614,20150529,6567251.34,6,1.83,3052,691749,1.4,0,3,4,9,4960,4700,2013,0,98116,47.4974,-121.8322,3234,23348
9202148024,20150519,7504613.2,1,3.06,5400,1152646,2.9,1,2,3,6,8724,27,2009,1985,98053,47.7725,-122.1664,4626,126879
4500753815,20150420,5338249.44,10,1.09,1344,225464,3.0,1,4,1,11,3917,4468,1939,0,98047,47.4431,-122.3979,2028,311751
1121923003,20140903,356348.1,6,3.15,4387,1241233,1.2,0,2,5,13,1152,87,2005,0,98154,47.4747,-121.4006,5514,496500
3698063059,20140930,6765772.03,3,2.84,5837,830064,2.9,1,4,5,2,823,3725,1903,0,98184,47.4202,-121.5089,5027,252351
3517025650,20150406,1088311.32,4,7.14,11847,1629232,3.1,1,2,5,13,7243,441,1944,0,98025,47.2893,-121.5799,5395,728988
4672385605,20151013,2556217.16,3,6.2,8141,1048400,2.0,0,1,1,11,3385,1476,1909,0,98126,47.5495,-121.642,3461,138574
2404314866,20140302,5768221.29,2,5.37,12432,1343229,2.1,1,0,4,5,4653,4700,1990,0,98191,47.5195,-121.5769,932,30520
8683630050,20150905,5002616.86,1,2.21,11090,1317690,1.9,1,3,5,13,2978,3927,1981,0,98013,47.6532,-121.5662,5462,716316
8875302970,20140402,5205053.52,2,4.87,5397,22150,1.6,0,3,5,1,6234,3372,2015,0,98169,47.3694,-121.5804,1245,233184
4493252394,20140225,3894413.25,2,2.2,7498,590772,2.4,1,3,5,8,2354,131,1964,0,98010,47.4281,-121.4228,3057,419310
6020714257,20140128,7597725.89,2,0.42,4445,1394813,3.4,0,0,4,4,2318,3902,1959,0,98199,47.2958,-122.1428,3277,416223
2958005051,20140120,6934447.91,4,5.33,5462,326869,2.2,1,2,3,12,6496,999,1931,0,98050,47.3946,-121.8625,2607,38526
9970794364,20150603,7978260.38,3,7.44,12939,441154,2.2,0,1,5,5,2505,1658,1939,0,98057,47.4975,-122.0106,2277,548147
4413312254,20150419,355730.63,3,2.97,873,698697,2.5,0,2,3,4,8789,3426,1974,0,98053,47.3417,-121.954,593,774908
4055811868,20141117,3108949.52,10,7.29,4832,1534608,2.1,0,1,2,1,4259,3248,1971,0,98037,47.6028,-121.7405,891,93986
8352209058,20150111,1907372.87,7,3.72,11553,362360,3.3,1,2,3,6,5287,1513,2015,0,98027,47.3054,-122.0715,1258,433921
6014116937,20151130,7101674.99,8,6.31,12805,1389452,2.9,1,3,1,4,5992,177,1984,0,98020,47.5104,-121.9899,4815,757645
